2817 4300
206 369 248 432 60
392 385 607 432 suuncmons
630 385 732 431 uroru
753 383 866 430 turm
888 384 1070 432 Auruoas.

259 556 386 614 victoria
414 573 480 612 cum
507 555 603 611 multa
625 555 716 624 mala,
745 559 809 611 turn
834 561 915 612 certe
941 560 1089 631 tyrannus
1112 558 1254 614 exsistet.

260 651 321 711 Sed
340 653 416 710 haec
430 649 622 727 ¹propediem
636 670 749 709 coram.
795 652 862 709 Iam
876 651 965 725 plane
981 653 1053 709 mihi
1072 654 1160 710 deest
1170 655 1257 728 quod

259 751 299 806 ad
323 755 354 806 te
379 750 528 818 scribam3
561 766 618 807 nec
642 749 724 806 enim
748 751 786 806 de
810 767 843 806 re
867 749 999 823 publica,
1024 751 1107 823 quod
1128 757 1256 825 uterque

259 853 397 904 nostrum
426 847 484 904 soit
511 847 630 916 eadem,
657 851 688 902 et
714 847 881 903 domestica
906 851 980 903 nota
1005 852 1076 904 suut
1093 848 1253 905 ambobus.

226 953 243 1000 5
264 943 313 1021 (5)
340 944 502 1017 Reliquum
524 950 571 1001 est
585 941 709 1013 ²iocari,
726 944 753 1000 si
775 943 823 1001 hio
844 944 944 1011 sinat3
967 962 1039 1001 nam
1060 963 1118 1021 ego
1133 946 1159 1002 is
1175 963 1254 1015 sum,

258 1042 310 1115 qui
333 1041 376 1098 illi
396 1041 522 1099 concedi
545 1046 650 1115 putem
672 1041 777 1097 utilius
800 1059 868 1098 esse
896 1041 978 1113 quod
1000 1041 1137 1115 postulat
1164 1061 1256 1116 quam

258 1135 367 1214 ³sigua
382 1138 532 1196 conferri:
548 1135 634 1195 ⁴sero
649 1139 730 1196 errirn
745 1138 914 1195 resistimus
929 1139 968 1207 ei,
985 1156 1074 1211 quern
1089 1157 1144 1212 per
1158 1157 1256 1197 anuos
1312 1175 1318 1186 ·

259 1236 364 1294 decem
379 1236 508 1292 aluimus
523 1241 630 1293 contra
645 1253 712 1292 noa.
751 1234 861 1307 “Quid
875 1235 971 1291 sentis
987 1233 1099 1310 igitur?
1109 1236 1126 1259 ”
1141 1237 1254 1310 inquis.

260 1333 344 1391 Nihil
373 1333 489 1390 scilicet
511 1333 576 1388 uisi
604 1334 641 1390 de
671 1332 824 1389 sententia
849 1336 911 1403 tua,
935 1351 991 1389 nec
1014 1333 1097 1407 prius
1120 1334 1255 1408 quidem,

208 1437 244 1486 10
259 1447 350 1503 quam
373 1435 511 1487 nostrum
534 1430 691 1505 negotium
720 1434 774 1486 aut
798 1429 1021 1486 confecerimus
1047 1434 1100 1486 aut
1124 1431 1256 1504 deposu-

259 1527 381 1584 erimus.
425 1525 506 1585 Cura
521 1526 613 1602 igitur
627 1532 661 1583 ut
675 1527 790 1584 valeas,

508 1796 662 1855 CICERO
682 1796 842 1855 ATTICO
865 1787 955 1854 SAL.

263 1943 326 1993 Sca.
340 1943 501 1991 Mrnrnnnrs
513 1957 539 1992 A.
551 1958 578 1992 n.
590 1957 652 1992 vin.
665 1943 818 1990 Iinuunnns
835 1943 1016 1991 Funnuanrns
1028 1958 1054 1992 n.
1063 1959 1090 1993 n.
1100 1959 1123 1992 c.
1137 1943 1192 1993 705.

305 2079 354 2156 (1)
369 2057 486 2137 ‘Unam
514 2078 612 2134 adhuc
638 2095 656 2134 a
681 2083 711 2134 te
741 2077 903 2151 epistolam
932 2096 1120 2153 acceperam,
1151 2079 1257 2137 datam

259 2194 317 2233 ΧΠ.
341 2176 426 2246 Kar,
456 2177 570 2249 inqua
598 2176 828 2251 significabatur
856 2176 946 2233 aliam
971 2182 1000 2233 te
1026 2181 1097 2233 ante
1120 2177 1255 2247 dedisse,

260 2292 351 2347 quam
365 2291 427 2331 nou
439 2291 626 2348 acceperam.
659 2272 721 2331 Sed
735 2291 849 2346 quaeso
864 2257 898 2330 ut
909 2274 1026 2331 scribas
1037 2291 1128 2347 quam
1139 2275 1258 2348 saepis-

208 2378 244 2428 15
260 2372 347 2442 sime,
364 2389 426 2427 non
447 2371 539 2427 modo
560 2370 587 2426 si
608 2370 681 2443 quid
703 2370 782 2427 scies
804 2376 858 2427 aut
879 2371 1022 2440 audieris,
1039 2372 1093 2429 sed
1115 2372 1208 2429 etiam
1229 2372 1257 2429 si

260 2469 332 2541 quid
355 2468 561 2541 suspicabere,
578 2468 784 2539 maximeque,
805 2467 879 2539 quid
900 2468 988 2525 nobis
1008 2469 1184 2526 faciendum
1203 2474 1257 2527 aut

259 2584 320 2622 non
342 2566 517 2622 iaciendum
538 2570 646 2638 putes:
676 2582 748 2620 nam
769 2565 851 2637 quod
871 2582 962 2640 rogas
984 2583 1085 2623 curem
1107 2572 1141 2623 ut
1162 2567 1254 2636 scias,

259 2662 333 2735 quid
353 2662 517 2734 Pompeius
535 2666 618 2737 agat,
640 2680 678 2718 ne
696 2658 814 2734 ⁵ipsum
832 2662 953 2735 quidem
973 2663 1050 2720 scire
1068 2670 1162 2736 put0;
1185 2682 1256 2721 nos-

259 2764 339 2816 trum
354 2760 476 2832 quidem
491 2776 591 2816 nemo.
628 2758 677 2834 (2)
698 2758 768 2815 Vidi
784 2759 947 2816 Lentulum
958 2760 1115 2817 consulem
1124 2761 1262 2819 Formiis.

206 2864 244 2914 20
259 2875 292 2912 x.
315 2856 400 2926 Kal,
423 2856 487 2914 vidi
509 2856 675 2925 Libonem;
706 2856 798 2930 plena
818 2856 936 2913 timoris
956 2861 988 2914 et
1009 2858 1118 2914 erroris
1139 2859 1252 2915 omnia.

259 2954 315 3010 Hie
330 2954 388 3010 iter
398 2948 577 3021 ⁰Larinum3
600 2954 642 3011 ibi
657 2954 737 3010 euim
753 2954 893 3010 cohortes
908 2959 939 3010 et
953 2954 1098 3011 Luceriae
1113 2963 1145 3011 et
1159 2956 1255 3013 Teani

258 3051 434 3125 reliquaque
463 3051 494 3107 iu
518 3050 643 3124 Apulia.
698 3050 775 3108 inde
800 3056 902 3107 utrum
927 3051 1095 3109 consistere
1119 3049 1255 3126 ⁷uspiam

258 3148 343 3218 velit,
361 3167 400 3205 an
418 3166 500 3205 mare
516 3148 657 3218 transire,
675 3148 827 3205 uescitur:
851 3147 877 3203 si
895 3152 1009 3218 manet,
1026 3166 1133 3208 vereor
1147 3168 1189 3212 ne.
1201 3168 1254 3207 ex-

259 3247 385 3303 ercitum
407 3246 524 3302 firmum
545 3245 656 3303 habere
676 3262 738 3302 non
757 3244 874 3319 possit3
900 3244 948 3301 sin
963 3245 1104 3316 discedit,
1121 3264 1182 3320 quo
1201 3252 1255 3305 aut

205 3350 242 3400 25
259 3360 319 3416 qua
344 3348 397 3400 aut
422 3343 493 3415 quid
519 3343 607 3399 nobis
633 3342 784 3417 agendum
809 3341 860 3411 sit,
884 3341 998 3399 nescio.
1052 3342 1134 3400 Nam
1162 3344 1255 3401 istum

237 3538 247 3571 ¹
259 3538 425 3601 propediem:
443 3555 496 3602 syn.
507 3538 590 3599 brevi,
602 3538 726 3586 breviter.
847 3536 858 3569 ⁴
870 3552 942 3585 sero:
959 3553 1012 3601 syn.
1025 3539 1109 3587 tarde.

237 3620 348 3679 ²iocari‚
361 3628 384 3668 io
390 3621 450 3684 jesi,
462 3628 484 3667 io
490 3620 558 3684 joke.
850 3618 861 3651 ⁵
873 3619 972 3681 Ipsum,
985 3620 1023 3669 ie.
1035 3620 1184 3683 Pompeius.

237 3701 248 3734 ³
260 3703 336 3763 signa
348 3701 471 3763 conferri,
481 3710 503 3749 to
512 3718 600 3766 enyape
610 3702 634 3749 in
644 3718 660 3748 a
670 3701 774 3763 conflict.
850 3700 860 3731 ⁸
872 3701 1007 3760 Larinum,
1019 3718 1036 3748 a
1050 3701 1171 3751 Sumnian
1183 3711 1253 3753 town.

576 3782 586 3814 ⁷
598 3783 710 3844 uspiam,
722 3782 747 3829 in
759 3797 808 3844 any
817 3779 897 3844 place.
