2817 4300
497 390 665 454 vuacm’s
687 409 825 454 mnam.

208 577 355 638 Obiciunt
370 578 489 653 equites
503 595 571 635 sese
586 578 626 635 ad
640 575 788 635 ldiuortia
803 585 877 636 nota

208 677 279 733 hino
291 682 382 749 atque
396 676 467 732 hinc
478 692 659 748 omnemque
671 675 787 732 abitum
798 677 923 733 custode
935 685 1094 734 coronant.
1126 685 1184 734 380

209 772 295 831 Silva
309 773 370 830 fuit
382 772 444 830 late
458 769 574 828 ²dumis
590 777 682 845 atque
697 771 765 828 ilice
780 772 866 848 nigra

207 871 341 939 horrida,
358 888 450 943 quam
464 869 552 926 densi
567 869 757 942 complerant
770 870 902 943 undique
916 867 1055 940 ³sentes3

208 986 277 1025 rara
291 986 346 1041 per
360 967 497 1025 occultos
511 966 634 1023 lucebat
647 967 757 1024 semita
770 963 890 1024 ⁴calles.

208 1064 373 1141 Euryalum
388 1065 533 1122 tenebrae
548 1082 699 1121 ramorum
715 1061 920 1138 ⁵ouer0saque
936 1067 1050 1140 praeda

207 1163 378 1236 impediunt
393 1162 533 1235 fallitque
548 1162 638 1220 timor
652 1163 776 1236 regione
792 1163 907 1219 viarum
920 1181 927 1231 3
1127 1172 1183 1220 385

208 1260 303 1317 Nisus
318 1261 393 1330 abit,
410 1261 530 1333 iamque
545 1260 721 1333 imprudens
737 1265 878 1317 evaserat
892 1261 988 1317 hostis

207 1362 299 1430 atque
313 1358 409 1426 locos,
426 1357 478 1430 qui
492 1362 564 1431 post
578 1357 678 1414 Albae
693 1358 731 1414 de
747 1359 867 1414 nomine
883 1358 956 1415 dieti

207 1454 333 1524 Albani,
349 1461 414 1511 tum
429 1472 486 1511 rex
499 1450 638 1511 ⁶stabula
653 1453 716 1510 alta
732 1455 859 1511 Latinus
874 1455 1017 1523 habebat,

207 1557 242 1608 ut
257 1552 344 1608 stetit
357 1556 388 1607 et
403 1552 519 1607 frustra
534 1552 693 1608 absentem
708 1553 845 1626 respexit
860 1552 999 1608 amicum.

1016 1677 1023 1706 l

182 1747 280 1803 Nisus
294 1752 413 1802 returns
427 1746 483 1818 for
497 1746 665 1818 Euryalus,
682 1747 745 1802 arrd
760 1748 908 1802 witnesses
923 1746 970 1802 ln's
984 1755 1114 1820 captane.

209 1875 361 1951 ‘Euryale
376 1875 494 1945 infelix,
511 1893 572 1949 qua
587 1882 617 1933 te
632 1876 755 1952 regione
770 1875 897 1950 reliqui?
1127 1885 1184 1935 390

208 1973 313 2046 Quave
329 1991 450 2046 sequar,
467 1991 572 2029 rursus
588 1974 767 2046 perplexum
782 1973 839 2030 iter
852 1992 942 2030 omne
957 1975 1116 2032 revolvens
1200 2023 1203 2030 ,

208 2071 328 2128 fallacis
343 2068 477 2127 silvae?’
520 2069 616 2128 Simul
631 2077 662 2127 et
677 2071 808 2146 vestigia
822 2075 904 2128 retro

207 2170 371 2227 obseruata
384 2168 460 2244 legit
475 2169 634 2242 dumisque
650 2169 811 2226 silentibus
827 2175 917 2227 errat.

207 2267 306 2324 Audit
320 2284 426 2341 equos,
444 2267 529 2323 audit
543 2267 690 2340 strepitus
706 2273 737 2323 et
751 2268 840 2342 signa
854 2274 1048 2341 sequentum.

208 2364 273 2421 Nec
287 2363 412 2439 longum
426 2364 458 2420 in
473 2364 573 2421 medio
589 2369 720 2437 tempus,
738 2382 805 2421 cum
821 2364 935 2421 clamor
949 2366 988 2422 ad
1004 2366 1084 2423 auris
1127 2374 1183 2422 395

208 2462 346 2535 pervenit
360 2478 396 2518 ac
410 2461 495 2518 videt
508 2461 687 2537 Euryalum,
703 2478 793 2534 quem
808 2462 867 2517 iam
883 2480 991 2519 manus
1006 2464 1104 2519 omnis

208 2560 316 2616 fraude
331 2558 389 2617 loci
404 2565 436 2616 et
450 2559 561 2629 noctis,
579 2558 681 2616 subito
696 2559 839 2616 turbante
855 2560 996 2630 tumultu,

208 2674 386 2730 oppressum
401 2657 482 2730 rapit
497 2662 528 2713 et
543 2663 706 2714 conantem
721 2657 850 2731 plurima
865 2657 990 2714 frustra.

208 2753 287 2826 Quid
301 2752 416 2811 faciat?
457 2753 524 2827 Qua
538 2754 570 2812 vi
585 2754 738 2825 iuvenem,
754 2755 864 2827 quibus
879 2756 990 2812 audeat
1004 2756 1096 2812 armis

208 2850 344 2925 eripere?
385 2852 437 2908 An
452 2870 520 2908 sese
536 2852 653 2909 medios
669 2852 834 2909 moriturus
849 2852 880 2908 in
895 2870 984 2909 enses
1126 2859 1184 2908 400

208 2949 322 3007 inferat
335 2956 367 3006 ct
380 2949 537 3023 pulchram
552 2956 695 3024 properet
709 2968 764 3025 per
778 2951 903 3008 volnera
917 2948 1064 3007 mortem?

206 3043 315 3104 ⁷Ocius
330 3048 463 3104 adducto
478 3054 625 3121 torquens
640 3049 751 3105 hastile
765 3045 907 3116 8lacerto,

207 3144 376 3218 suspiciens
389 3145 483 3201 altam
499 3146 617 3202 Lunam
633 3146 677 3204 sic
692 3164 768 3204 voce
783 3151 942 3220 precatur:

176 3325 186 3357 1
199 3326 320 3386 divortia,
333 3326 370 3374 tle
383 3326 510 3392 dividinpa
522 3328 595 3393 ostlre
609 3346 684 3393 ways,
694 3328 778 3393 places
790 3330 822 3394 of
827 3344 920 3392 escape.

175 3407 396 3468 ²dumis,brambl
422 3447 426 3457 .
563 3411 681 3472 lsentes,
694 3412 780 3461 briars.

176 3490 187 3523 ⁴
199 3492 317 3541 occultos
330 3493 419 3554 calles,
429 3494 528 3558 pavete
541 3511 615 3557 ways.

137 3625 162 3636 „
175 3572 187 3606 ⁶
199 3590 309 3625 onerosa
318 3599 342 3620 =
354 3577 451 3639 gravis.
561 3576 572 3609 ⁰
584 3577 697 3637 stabula,
710 3576 804 3625 stelles.

175 3656 279 3719 locius,
292 3676 321 3708 aa
338 3660 462 3724 isociter
478 3675 505 3708 or
517 3660 577 3709 cito.
613 3658 673 3709 Cito
690 3659 796 3709 reduxit
814 3674 875 3711 cum
892 3660 982 3710 hostili
1000 3660 1142 3710 dexteram.
1152 3687 1186 3699 -

132 3743 272 3793 Domus.

176 3823 459 3876 ⁸lacerto=dextera
491 3882 495 3887 ,
