2817 4300
180 364 244 428 122
365 370 580 427 sannorrous
603 379 704 427 naon
728 378 841 426 annm
864 379 1045 429 auruous.

178 559 235 609 595
251 551 371 626 Regina
385 555 419 607 ut
433 551 524 608 tectis
540 551 712 608 venientem
728 551 876 625 prospicit
889 551 1019 621 hostem,

251 644 377 705 ¹incessi
391 665 505 717 muros,
521 648 602 724 ignis
617 648 657 705 ad
672 652 754 705 tecta
768 644 897 717 lvolare,

251 762 401 818 nusquam
416 744 497 802 acies
513 751 619 802 contra
633 745 775 815 Rutulae,
792 744 875 802 nulla
889 744 1012 820 agmina
1025 745 1139 802 Turni:

252 842 363 900 infelix
378 859 499 918 pugnae
513 839 670 900 ²iuvenem
685 842 717 899 in
732 842 896 900 certamine
911 841 1008 900 credit

252 940 438 997 exstinctum
452 943 495 1008 et,
511 939 613 997 subito
627 944 762 997 mentem
775 939 898 997 turbata
913 939 1030 1010 dolore,

179 1043 237 1095 600
252 1055 285 1093 se
300 1042 424 1094 causam
438 1036 552 1094 elamat
566 1036 740 1110 crimenque
755 1042 907 1110 caputque
926 1035 1085 1107 malorum,

251 1133 405 1206 multaque
420 1151 474 1207 per
488 1140 638 1190 maestum
653 1134 778 1191 demens
792 1135 886 1190 effata
901 1133 1036 1191 furorem

251 1247 419 1306 purpureos
434 1231 580 1288 moritura
593 1230 685 1287 manu
700 1231 846 1288 discindit
860 1230 989 1289 amictus

252 1333 284 1385 et
293 1325 423 1384 ³nodum
437 1327 578 1384 informis
592 1327 645 1384 leti
659 1328 747 1385 trabe
762 1328 858 1386 nectit
872 1329 911 1385 ab
926 1328 1000 1386 alta.

252 1424 351 1496 Quam
365 1424 484 1482 cladem
497 1424 625 1482 miserae
641 1430 803 1500 postquam
819 1443 962 1501 accepere
978 1426 1117 1496 Latinae,

179 1528 236 1580 605
251 1522 313 1578 filia
327 1522 425 1595 prima
439 1539 530 1578 manu
545 1522 643 1578 flavos
659 1522 788 1580 Lavinia
802 1523 894 1580 crinis

252 1625 283 1676 et
298 1636 402 1676 roseas
416 1616 550 1675 4laniata
563 1636 670 1694 genas,
686 1625 752 1676 tum
767 1625 868 1677 cetera
883 1621 996 1678 circum

250 1716 341 1773 turba
355 1715 448 1773 furit:
463 1721 611 1774 resonant
624 1715 685 1774 late
701 1716 900 1792 plangoribus
915 1719 1017 1775 aedes.

253 1814 335 1872 Hinc
349 1817 447 1871 totam
462 1813 572 1870 infelix
587 1813 728 1889 volgatur·
743 1814 827 1871 fama
842 1831 896 1888 per
909 1815 1026 1872 urbem.

339 1960 471 2018 Latinus
484 1961 512 2017 is
525 1961 653 2018 strickea
669 1961 706 2034 by
719 1961 765 2017 tue
780 1961 868 2018 deotb
883 1963 921 2034 of
928 1962 976 2018 bis
988 1963 1067 2034 wife.

252 2073 427 2131 Demittunt
441 2078 578 2144 mentes3
595 2074 619 2131 it
634 2074 732 2132 scissa
747 2079 832 2132 veste
848 2074 988 2144 Latinus,

180 2178 238 2229 610
254 2172 391 2248 coniugis
406 2171 555 2229 attonitus
570 2172 645 2229 fatis
661 2172 804 2245 urbisque
819 2173 917 2243 ruina,

252 2266 412 2327 ⁵oanitiem
427 2269 583 2326 immundo
598 2271 755 2343 perfusam
771 2269 895 2343 pulvere
908 2274 1049 2343 turpans.

257 2364 433 2442 [Multaque
448 2384 481 2423 se
496 2366 627 2434 incusat,
643 2366 695 2439 qui
710 2382 769 2423 uon
785 2367 937 2440 acceperit
951 2372 1022 2424 ante

253 2463 443 2520 Dardanium
457 2463 585 2521 Aenean
599 2481 804 2538 generumque
820 2464 983 2521 adsciverit
998 2462 1106 2541 ultro]

334 2609 456 2666 Turnus
469 2610 529 2666 still
536 2626 679 2683 parceres,
695 2610 746 2667 but
760 2604 830 2666 with
845 2610 901 2667 less
914 2627 1080 2685 eoperuesa.

293 2717 416 2775 Interea
431 2723 568 2775 extremo
583 2719 713 2777 bellator
728 2719 759 2775 in
772 2714 919 2792 ⁰aequore
934 2720 1056 2776 Turnus

180 2822 237 2872 615
253 2814 386 2889 palantis
401 2816 538 2888 sequitur
551 2833 666 2889 paucos
681 2816 742 2873 iam
757 2816 880 2893 segnior
894 2820 985 2891 atque

223 2964 232 2997 1
245 2964 348 3024 incessi,
361 2964 459 3023 volare,
472 2964 604 3026 infinitiva
617 2964 672 3013 with
683 2966 818 3027 prospicit,
831 2963 847 3013 l.
861 2965 917 3014 595.

222 3045 375 3108 2iuvenem,
393 3046 500 3095 Turnus.

222 3128 233 3161 ⁸
245 3130 342 3179 nodum
356 3166 361 3177 .
375 3166 381 3177 .
395 3169 400 3180 .
413 3130 481 3178 alta:

371 3217 386 3239 “
395 3211 462 3261 Tlea
472 3212 572 3275 scatens
582 3212 650 3275 from
663 3228 679 3260 α
691 3212 758 3260 team
771 3228 799 3261 on
811 3212 874 3279 lips,

388 3295 415 3344 A
426 3310 503 3354 rtooae,
516 3295 540 3342 in
550 3292 646 3358 ytastlp
659 3294 714 3342 wiae
727 3302 749 3341 to
762 3294 1049 3347 die.’'-Cou1uorou.

221 3376 352 3435 *laniata
369 3375 458 3440 larrinp
476 3373 596 3439 manpled.
630 3376 713 3425 Moris
730 3375 784 3425 fuit
804 3378 874 3439 apud
892 3384 1003 3437 veteres
1022 3383 1052 3427 ut
1071 3383 1133 3427 ante
1151 3392 1230 3439 rogos

178 3458 309 3507 humanus
322 3459 429 3521 sanguis
441 3457 629 3517 effunderetur,
642 3458 685 3507 vel
699 3459 866 3520 captivorum
879 3460 922 3509 vel
939 3460 1117 3522 gladiatorum
1129 3482 1153 3503 =
1166 3474 1230 3521 quo-

177 3555 237 3589 rum
249 3542 270 3589 si
283 3541 353 3590 forte
365 3541 443 3603 copia
455 3556 508 3588 non
520 3540 623 3599 luisset,
636 3541 767 3589 laniantes
780 3557 861 3603 genas
879 3557 956 3591 suum
973 3541 1145 3592 effundebant
1157 3555 1230 3591 cruo-

177 3637 241 3681 rem,
254 3630 284 3670 ut
296 3623 366 3683 rogis
379 3623 425 3671 illa
437 3623 525 3683 imago
538 3623 750 3672 constitueretur.
759 3624 925 3673 —Saavms

221 3702 232 3735 ⁵
244 3705 375 3763 canitiem,
387 3703 462 3767 toury
471 3704 541 3752 lead.

221 3784 233 3817 ⁶
245 3800 359 3846 aequore
370 3807 395 3828 =
408 3799 511 3846 campo.
518 3812 552 3821 —
559 3786 680 3835 Cooraa.
