2817 4300
174 350 235 415 170
347 368 567 413 sunnorrons
591 368 696 412 raom
721 367 836 412 narra
859 368 1047 414 nurnoas.

172 535 253 591 Nam
267 535 376 604 Afros,
393 553 498 608 pacem
519 541 670 609 petentes,
687 536 787 592 nullus
810 537 951 606 admisit3
975 537 1040 610 ipse
1062 537 1224 614 Carthagi·

172 650 241 688 nem
254 632 354 701 rediit,
367 633 626 705 offerentibusque
641 633 800 704 Romanis,
814 639 849 690 ut
859 651 927 690 eum
943 635 1058 691 Romae
1070 640 1222 704 tenerent,

172 730 308 806 negavit,
332 748 365 786 se
386 729 417 785 in
439 748 476 786 ea
496 731 570 787 urbe
591 748 779 800 mansurum,
803 731 833 787 ln
854 748 925 804 qua,
950 737 1111 805 postquam
1132 723 1224 788 Afris

173 828 331 896 servierat,
348 827 532 902 dignitatem
552 829 674 886 honesti
695 828 770 886 civis
792 829 904 886 habere
926 847 986 886 non
1005 835 1119 902 posset.
1162 830 1224 886 Re-

172 943 295 1000 gressus
311 925 403 999 igitur
418 926 457 982 ad
471 925 623 996 Africam,
640 926 781 983 omnibus
797 925 954 1000 suppliciis
969 927 1141 984 exstinctus
1161 931 1220 984 est.

172 1021 249 1079 Caio
264 1022 389 1079 Lutatio
404 1021 525 1093 Catulo,
542 1022 624 1080 Aulo
639 1025 797 1080 Postumio
811 1024 927 1080 Albino
942 1024 1128 1094 consulibus,
1141 1043 1224 1080 anno

172 1120 243 1177 belli
258 1120 366 1176 Punici
380 1121 526 1177 uicesimo
539 1121 641 1189 tertio,
655 1119 766 1178 Catulo
781 1121 892 1178 bellum
908 1126 1015 1178 eontra
1028 1121 1126 1178 Afros
1141 1140 1222 1178 com-

162 1217 299 1297 missum
314 1223 371 1274 est.
409 1218 571 1275 Profectus
583 1223 631 1275 est
641 1236 710 1275 cum
725 1219 870 1300 trecentis
886 1220 1015 1277 navibus
1026 1219 1057 1274 in
1074 1218 1221 1276 Siciliam.

171 1315 245 1371 Afri
256 1322 363 1372 contra
374 1315 474 1388 ipsum
484 1316 725 1393 quadringentas
741 1322 936 1390 paraverunt.
974 1317 1116 1373 Lutatius
1128 1315 1223 1373 Catu·

171 1412 219 1468 lus
241 1430 351 1469 navem
366 1430 457 1487 aeger
471 1414 620 1482 ascendit,
637 1413 814 1470 vulneratus
837 1414 916 1470 enim
935 1413 1084 1488 inpugna
1105 1412 1222 1487 superi-

172 1528 224 1566 ore
239 1511 352 1566 fuerat.
397 1508 512 1567 Contra
533 1510 712 1586 Lilybaeum
733 1515 902 1586 pugnatum
917 1517 964 1568 est
978 1511 1094 1586 ingenti
1109 1511 1223 1568 virtute

172 1607 398 1676 Romanorum;
421 1626 492 1664 nam
506 1608 702 1682 septuaginta
721 1612 784 1665 tres
806 1607 1103 1685 Carthaginiensium
1126 1627 1223 1666 naves

172 1710 280 1778 captae
296 1709 378 1775 sunt,
395 1710 518 1762 centum
531 1705 641 1781 viginti
660 1705 793 1780 quinque
815 1707 990 1775 demersae;
1013 1705 1139 1782 triginta
1161 1707 1223 1762 duo

173 1802 266 1858 millia
281 1803 414 1859 hostium
428 1810 529 1877 capta,
546 1803 693 1861 tredecim
714 1804 833 1872 oecisa;
856 1804 1006 1860 infinitum
1027 1803 1092 1860 auri
1114 1821 1223 1877 argen-

172 1901 254 1973 tique
270 1902 390 1974 pondus
402 1901 432 1956 in
444 1905 628 1974 potestatem
644 1901 850 1957 Romanorum
862 1902 1028 1958 redactum.
1061 1901 1111 1956 Ex
1123 1900 1222 1957 classe

172 1997 312 2054 Romana
325 1999 492 2056 duodecim
501 2015 595 2054 naves
610 1998 776 2055 demersae.
820 1997 930 2055 Statim
952 1995 1222 2071 Carthaginienses

173 2111 279 2170 pacem
293 2095 457 2170 petierunt,
474 2094 647 2169 tributaque
663 2093 700 2151 iis
717 2112 790 2169 pax.

461 2340 509 2393 61.
541 2336 675 2393 Hennes
696 2355 734 2394 ro
755 2337 932 2395 Aueusrus.

372 2485 443 2542 Jam
458 2484 534 2541 satis
549 2484 636 2540 terris
652 2484 731 2540 nivis
748 2489 838 2557 atquc
853 2485 936 2542 dirae

373 2580 540 2639 Grandinis
555 2581 639 2637 misit
652 2581 755 2648 Pater,
773 2586 804 2637 et
818 2582 945 2638 rubente

373 2679 511 2735 Dextera
525 2695 630 2734 sacras
644 2678 799 2750 jaculatus
814 2696 910 2748 arces,

571 2774 694 2831 Terruit
708 2775 832 2831 urbem:

373 2872 494 2929 Terruit
507 2877 626 2947 gentes,
643 2890 737 2947 grave
753 2890 790 2929 ne
805 2873 918 2931 rediret

373 2970 533 3028 Saeculum
547 2970 693 3046 Pyrrhae,
710 2987 791 3027 nova
805 2977 942 3027 monstra
956 2976 1101 3043 questae;

339 3127 342 3133 ,
372 3067 471 3124 Omne
485 3085 578 3141 quum
593 3068 722 3124 Proteus
738 3085 832 3141 pecus
847 3069 911 3142 egit
925 3067 1004 3124 altos

572 3165 680 3222 Visere
692 3170 816 3222 'montes
828 3184 835 3234 3

371 3263 505 3320 Piscium
521 3268 552 3319 et
566 3280 685 3319 summa
700 3280 797 3338 genus
812 3263 912 3320 haesit
926 3263 1018 3332 ulmo,

373 3361 456 3417 Nota
470 3377 548 3433 quae
564 3361 652 3417 sedes
668 3361 772 3417 fuerat
787 3360 932 3417 columbis
945 3379 951 3427 ;

372 3458 414 3515 Et
427 3461 601 3532 superjecto
616 3459 747 3532 pavidae
763 3463 907 3537 natarunt

572 3556 710 3629 AEquore
727 3557 844 3614 damae.

371 3652 512 3710 Vidimus
526 3654 637 3709 flavum
652 3653 796 3720 Tiberim,
812 3654 934 3709 retortis

373 3749 476 3806 Litore
490 3750 621 3805 Etrusco
635 3749 786 3806 violenter
800 3750 902 3819 undis,
