2817 4300
118 397 123 412 ·
177 370 217 432 26
480 387 613 434 uovuur
639 386 922 432 rusrnuuuruu.

175 558 257 631 quod
272 558 353 631 apud
368 557 505 614 homiues
520 557 649 613 sublime
664 562 723 623 est,
740 556 927 614 abominatio
947 555 1041 614 estin
1060 561 1228 630 conspeetu

175 656 244 712 Dei.

217 760 253 808 16
277 752 342 808 Lex
365 757 396 808 et
411 753 577 826 prophetae
599 769 694 825 usque
717 752 756 807 ad
777 751 947 808 Joannem:
971 751 1010 806 ab
1032 767 1069 807 eo
1089 755 1227 825 tempore

175 867 301 924 regnum
316 850 374 906 Dei
389 846 643 925 ⁷evaugelizatur‚
662 854 693 906 et
706 849 807 923 quivis
821 850 852 905 in
868 849 941 905 illud
956 848 986 905 vi
1001 849 1179 922 perrumpit.

217 953 252 1003 17
275 946 407 1002 Facilius
430 951 478 1002 est
499 950 602 1002 autern
623 946 741 1002 coelum
762 950 794 1002 et
813 951 925 1002 terram
942 945 1118 1019 praeterire,
1134 945 1227 1019 qudm

174 1042 251 1118 legis
267 1061 360 1099 unum
375 1043 492 1116 apicem
506 1043 657 1100 excidere.

217 1147 253 1196 18
276 1139 420 1214 Quisquis
435 1140 561 1197 dimittit
576 1158 701 1197 uxorem
718 1157 816 1209 suam,
834 1145 865 1196 et
878 1139 1007 1197 alteram
1021 1141 1116 1210 ducit,
1128 1137 1226 1197 ⁸moe-

175 1238 300 1294 chatur:
326 1238 421 1312 etqui
437 1257 454 1293 a
469 1238 535 1294 viro
550 1237 706 1294 dimissam
722 1237 817 1306 ducit,
834 1239 1021 1295 moechatur.

217 1343 252 1390 19
276 1334 437 1392 Caeterum
451 1335 574 1410 quidam
589 1340 655 1392 crat
669 1335 766 1404 dirce,
783 1336 834 1409 qui
849 1335 1032 1392 induebatur
1046 1337 1180 1410 purpurd
1194 1340 1227 1393 et

173 1429 293 1507 9ὑγεεο,
311 1438 341 1489 et
358 1451 424 1488 sese
440 1428 658 1488 ¹⁰exhilarabat
672 1433 808 1506 quotidie
824 1432 993 1506 splendide.

305 1592 314 1624 ⁷
332 1594 542 1655 evangelizatur:
560 1610 613 1658 syn.
626 1594 773 1643 orationem
785 1594 890 1654 habere,
902 1595 1043 1645 inculcare.

304 1675 314 1707 ⁸
332 1677 487 1724 moechatur
499 1699 522 1718 =
535 1682 636 1739 peccet.

303 1757 314 1790 ⁹
331 1760 425 1821 bysso:
444 1776 497 1824 syn.
510 1759 628 1818 linteum,
642 1759 722 1808 vestis
734 1759 823 1817 lintea,
836 1760 967 1808 carbasus.

293 1839 314 1874 ¹⁰
332 1855 388 1890 sese
400 1841 565 1890 exhilarabat
578 1841 714 1904 splendide
726 1863 751 1884 =
764 1842 835 1891 vesci
847 1841 959 1905 dapibus
970 1841 1113 1904 regalibus.
