2817 4300
175 365 215 426 16
359 379 573 424 SELECTIONS
597 379 699 424 ultori
722 379 836 423 LATlN
859 381 1040 426 AUTHORS.

229 552 331 628 legato
357 555 549 620 evocaverat,
575 551 787 623 equitibusque
816 567 894 607 neec
920 557 951 608 et
976 553 1106 609 navibus
1126 553 1225 628 longis

229 649 356 706 Rhodiis
371 666 394 703 x
408 652 439 702 et
453 647 600 703 Asiaticis
624 647 730 720 paucis
751 646 973 705 Alexandriam
995 650 1143 723 pervenit.
1188 650 1226 706 In

230 746 276 801 his
300 751 387 802 erant
408 744 578 819 legionibus
600 745 754 800 hominum
777 745 859 800 milia
881 747 939 801 tria
960 763 1015 816 cc3
1038 747 1144 820 reliqui
1161 747 1226 804 vul·

229 844 351 899 neribus
381 860 419 898 ex
456 841 577 915 proeliis
606 847 637 897 et
667 842 771 898 labore
805 860 841 898 ac
871 843 1079 918 magnitudine
1109 845 1227 901 itineris

197 940 364 997 5confecti
392 938 536 1011 consequi
563 956 623 994 non
650 944 823 1012 potuerant.
869 940 930 997 Sed
956 939 1070 997 Cacsar
1093 943 1227 998 confisus

230 1039 313 1094 fama
326 1054 424 1093 rerum
439 1042 594 1112 gestarum
610 1036 735 1091 infirmis
751 1037 861 1093 auxilis
885 1038 1035 1111 proficisci
1059 1057 1119 1095 non
1140 1039 1227 1095 dubi·

231 1139 359 1202 taverat,
377 1152 473 1206 aeque
490 1151 609 1189 omnem
626 1133 685 1189 sibi
699 1132 800 1190 locum
822 1139 921 1190 tutum
943 1136 1009 1191 fore
1032 1136 1224 1193 existimans.

230 1233 437 1288 Alexandriae
462 1232 499 1287 <le
525 1231 661 1303 Pompeii
691 1236 789 1288 morte
811 1233 970 1306 cognoscit
992 1239 1082 1306 atquo
1104 1233 1145 1290 ibi
1166 1234 1226 1307 pri-

230 1349 311 1386 murn
327 1347 342 1385 e
359 1347 436 1384 nave
452 1328 610 1403 egrediens
625 1326 789 1385 clamorem
808 1329 938 1385 militum
959 1331 1054 1400 audit,
1072 1349 1149 1403 quos
1171 1349 1227 1387 rex

178 1436 214 1483 10
231 1429 261 1483 in
276 1427 390 1500 oppido
405 1425 550 1499 praesidii
572 1443 665 1482 causa
686 1426 861 1497 reliquerat,
879 1432 910 1483 et
931 1445 1110 1483 concursum
1132 1428 1172 1484 ad
1193 1446 1227 1485 se

231 1524 294 1581 fieri
318 1524 413 1592 videt,
433 1523 514 1596 quod
525 1518 545 1551 ¹⁰
565 1523 668 1579 fasces
691 1525 924 1580 anteferrentur.
983 1525 1020 1580 In
1045 1526 1103 1582 hoe
1128 1526 1227 1582 onmis

231 1622 394 1678 multitudo
419 1621 612 1693 majestatem
637 1620 752 1695 regiam
777 1620 871 1677 minui
896 1622 1103 1696 praedicabat.
1158 1623 1228 1680 lloc

231 1721 338 1776 sedato
353 1718 483 1774 tumultu
499 1718 621 1774 crebrae
637 1717 790 1774 continuis
805 1718 912 1775 diebus
927 1736 967 1775 ex
982 1737 1130 1776 concursu
1152 1719 1227 1776 mul-

232 1817 370 1874 titudinis
385 1812 631 1872 ”concitationes
642 1816 757 1872 fiebant
768 1815 997 1890 compluresque
1008 1817 1120 1874 milites
1135 1819 1228 1890 buJ‘us

179 1924 215 1970 15
231 1915 314 1970 urbis
329 1913 470 1970 omnibus
486 1912 623 1986 partibus
638 1912 909 1970 interficiebantur.

271 2010 370 2067 CVII.
396 2010 512 2082 Quibus
527 2010 618 2066 rebus
635 2010 856 2068 animadversis
871 2012 1007 2086 legiones
1022 2013 1082 2068 sibi
1096 2012 1172 2069 alias
1187 2031 1228 2069 ex

231 2110 309 2166 Asia
324 2107 434 2165 adduci
449 2107 551 2181 jussit,
568 2124 643 2181 quas
659 2127 698 2165 ex
713 2108 909 2183 Pompeianis
925 2109 1071 2167 militibus
1086 2111 1227 2168 contece-

231 2214 287 2264 rat.
345 2206 417 2280 Ipse
439 2206 520 2262 enim
541 2207 716 2263 necessario
737 2202 870 2264 l²'etesiis
887 2209 1059 2279 tenebatur,
1076 2207 1128 2281 qui
1142 2208 1228 2265 navi-

231 2305 375 2381 gantibus
400 2301 591 2359 Alexandria
617 2309 689 2360 sunt
718 2304 926 2361 adversissimi
951 2306 1046 2362 venti.
1100 2306 1227 2362 Interim

177 2412 215 2461 20
230 2400 483 2459 mcontroversias
509 2418 614 2475 regum
639 2401 678 2457 ad
704 2401 848 2475 populum
873 2402 1044 2458 Romanum
1067 2404 1158 2459 etad
1181 2421 1226 2473 se,

231 2500 312 2575 quod
333 2503 416 2555 esset
438 2496 555 2567 consul,
572 2498 724 2570 pertinere
746 2498 938 2569 existimans
955 2505 1046 2573 atque
1069 2518 1105 2556 eo
1127 2499 1226 2575 magis

230 2598 329 2654 officio
344 2614 399 2652 suo
415 2595 588 2663 convenire,
605 2596 688 2668 quod
703 2596 858 2669 superiore
875 2596 1034 2653 consulatu
1050 2615 1118 2654 curn
1140 2603 1227 2672 patre

228 2694 404 2751 Ptolemaeo
419 2698 450 2749 et
464 2692 532 2768 lege
547 2698 578 2749 et
597 2698 723 2749 senatus
738 2693 878 2749 consulto
896 2693 1027 2750 societas
1049 2699 1115 2751 erat
1129 2695 1225 2763 faeta,

229 2791 366 2849 ostendit
380 2790 438 2845 sibi
452 2790 571 2863 plaeere
588 2807 690 2865 regem
704 2786 725 2819 ¹⁴
733 2790 943 2847 Ptolemaeum
957 2796 1048 2863 atque
1064 2792 1131 2864 ejus
1143 2809 1227 2848 soro-

176 2899 213 2948 25
229 2909 292 2946 rem
307 2887 501 2961 Cleopatram
516 2887 669 2943 exereitus
687 2905 765 2959 quos
786 2888 934 2944 habereut
956 2888 1118 2957 dimittere,
1137 2894 1168 2945 et
1188 2890 1226 2945 de

230 2984 445 3043 controversiis
470 2985 537 3056 jure
563 2984 645 3057 apud
669 3002 701 3039 se
729 2984 830 3056 potius
856 3002 946 3057 quam
972 2985 1051 3041 inter
1076 3003 1108 3041 se
1134 2985 1226 3041 armis

230 3081 248 3114 ¹⁵
258 3084 440 3156 disceptare.

176 3190 325 3197 ..—..——---

306 3217 327 3249 ¹0
339 3218 434 3275 fasces,
447 3216 533 3263 burville
546 3218 577 3280 os
583 3216 640 3263 rods
652 3215 704 3263 aad
715 3233 748 3262 aar
761 3233 815 3275 ure,
828 3216 865 3263 tlte
877 3215 953 3280 budqe
965 3215 1040 3280 0st
1051 3216 1126 3277 office.

306 3299 327 3332 11
339 3299 537 3356 concitationes,
550 3298 653 3347 turrznlts.

305 3382 327 3414 11
339 3383 425 3430 etesiis
441 3381 559 3443 (ventis),
572 3378 656 3429 winds.

305 3462 327 3497 11
338 3463 539 3522 controversias,
552 3462 668 3526 disputes.

305 3546 327 3579 14
338 3546 520 3594 Ptolemaeum
534 3550 613 3606 atque
626 3544 802 3607 Cleopatram,
815 3548 945 3607 subjecte
957 3547 993 3594 of
1000 3544 1139 3594 dimittere,

305 3626 327 3661 1⁵
339 3628 493 3689 disceptare,
506 3626 599 3676 decide.

1344 2324 1401 2556 2·
