<?xml version="1.0" encoding="UTF-8"?>
<!DOCTYPE html PUBLIC "-//W3C//DTD XHTML 1.0 Transitional//EN"
    "http://www.w3.org/TR/xhtml1/DTD/xhtml1-transitional.dtd">
<html xmlns="http://www.w3.org/1999/xhtml" xml:lang="en" lang="en">
 <head>
  <title>
</title>
<meta http-equiv="Content-Type" content="text/html;charset=utf-8" />
  <meta name='ocr-system' content='tesseract 3.04.00' />
  <meta name='ocr-capabilities' content='ocr_page ocr_carea ocr_par ocr_line ocrx_word'/>
</head>
<body>
  <div class='ocr_page' id='page_1' title='image "./selectionsfroml01tomlgoog_0211.png"; bbox 0 0 2817 4300; ppageno 0'>
   <div class='ocr_carea' id='block_1_1' title="bbox 514 358 1207 423">
    <p class='ocr_par' dir='ltr' id='par_1_1' title="bbox 514 358 1207 423">
     <span class='ocr_line' id='line_1_1' title="bbox 514 358 1207 423; baseline -0.001 -1"><span class='ocrx_word' id='word_1_1' title='bbox 514 375 633 423; x_wconf 73' lang='lat' dir='ltr'>sacar</span> <span class='ocrx_word' id='word_1_2' title='bbox 655 374 851 422; x_wconf 69' lang='lat' dir='ltr'>manners.</span> <span class='ocrx_word' id='word_1_3' title='bbox 1144 358 1207 421; x_wconf 84' lang='lat'>191</span> 
     </span>
    </p>
   </div>
   <div class='ocr_carea' id='block_1_2' title="bbox 103 540 1208 2865">
    <p class='ocr_par' dir='ltr' id='par_1_2' title="bbox 152 540 1208 2475">
     <span class='ocr_line' id='line_1_2' title="bbox 157 540 1208 620; baseline 0.002 -22"><span class='ocrx_word' id='word_1_4' title='bbox 157 559 216 617; x_wconf 88' lang='lat' dir='ltr'>pus</span> <span class='ocrx_word' id='word_1_5' title='bbox 231 541 355 598; x_wconf 89' lang='lat' dir='ltr'>sineret.</span> <span class='ocrx_word' id='word_1_6' title='bbox 398 540 471 598; x_wconf 75' lang='lat' dir='ltr'>dam</span> <span class='ocrx_word' id='word_1_7' title='bbox 492 541 682 614; x_wconf 89' lang='lat' dir='ltr'>aliquantum</span> <span class='ocrx_word' id='word_1_8' title='bbox 703 543 796 618; x_wconf 88' lang='lat' dir='ltr'>spatii</span> <span class='ocrx_word' id='word_1_9' title='bbox 817 561 856 600; x_wconf 86' lang='lat' dir='ltr'>ex</span> <span class='ocrx_word' id='word_1_10' title='bbox 878 561 915 600; x_wconf 88' lang='lat' dir='ltr'>eo</span> <span class='ocrx_word' id='word_1_11' title='bbox 929 543 1007 614; x_wconf 89' lang='lat' dir='ltr'>loco,</span> <span class='ocrx_word' id='word_1_12' title='bbox 1025 544 1077 601; x_wconf 91' lang='lat' dir='ltr'>ubi</span> <span class='ocrx_word' id='word_1_13' title='bbox 1091 561 1208 620; x_wconf 86' lang='lat' dir='ltr'>pugna·</span> 
     </span>
     <span class='ocr_line' id='line_1_3' title="bbox 157 641 1207 717; baseline 0 -18"><span class='ocrx_word' id='word_1_14' title='bbox 157 650 223 699; x_wconf 91' lang='lat' dir='ltr'>tum</span> <span class='ocrx_word' id='word_1_15' title='bbox 238 646 297 710; x_wconf 91' lang='lat' dir='ltr'>est,</span> <span class='ocrx_word' id='word_1_16' title='bbox 314 642 488 717; x_wconf 83' lang='lat' dir='ltr'>aufugerat,</span> <span class='ocrx_word' id='word_1_17' title='bbox 505 659 598 714; x_wconf 90' lang='lat' dir='ltr'>quum</span> <span class='ocrx_word' id='word_1_18' title='bbox 612 642 779 714; x_wconf 80' lang='lat' dir='ltr'>respiciens</span> <span class='ocrx_word' id='word_1_19' title='bbox 794 642 878 698; x_wconf 79' lang='lat' dir='ltr'>videt</span> <span class='ocrx_word' id='word_1_20' title='bbox 899 642 1016 716; x_wconf 90' lang='lat' dir='ltr'>magnis</span> <span class='ocrx_word' id='word_1_21' title='bbox 1039 641 1207 699; x_wconf 84' lang='lat' dir='ltr'>intervallis</span> 
     </span>
     <span class='ocr_line' id='line_1_4' title="bbox 157 739 1208 814; baseline 0 -18"><span class='ocrx_word' id='word_1_22' title='bbox 157 745 340 812; x_wconf 85' lang='lat' dir='ltr'>sequentes:</span> <span class='ocrx_word' id='word_1_23' title='bbox 356 757 449 796; x_wconf 91' lang='lat' dir='ltr'>unum</span> <span class='ocrx_word' id='word_1_24' title='bbox 464 740 546 796; x_wconf 90' lang='lat' dir='ltr'>haud</span> <span class='ocrx_word' id='word_1_25' title='bbox 560 739 665 814; x_wconf 90' lang='lat' dir='ltr'>procul</span> <span class='ocrx_word' id='word_1_26' title='bbox 680 739 719 796; x_wconf 90' lang='lat' dir='ltr'>ab</span> <span class='ocrx_word' id='word_1_27' title='bbox 734 757 801 796; x_wconf 85' lang='lat' dir='ltr'>sese</span> <span class='ocrx_word' id='word_1_28' title='bbox 814 739 933 796; x_wconf 88' lang='lat' dir='ltr'>abesse.</span> <span class='ocrx_word' id='word_1_29' title='bbox 964 739 1001 794; x_wconf 91' lang='lat' dir='ltr'>Iu</span> <span class='ocrx_word' id='word_1_30' title='bbox 1017 756 1084 795; x_wconf 92' lang='lat' dir='ltr'>eum</span> <span class='ocrx_word' id='word_1_31' title='bbox 1097 758 1208 814; x_wconf 84' lang='lat' dir='ltr'>magno</span> 
     </span>
     <span class='ocr_line' id='line_1_5' title="bbox 157 835 1206 912; baseline -0.001 -18"><span class='ocrx_word' id='word_1_32' title='bbox 157 840 273 912; x_wconf 91' lang='lat' dir='ltr'>impetu</span> <span class='ocrx_word' id='word_1_33' title='bbox 287 837 388 894; x_wconf 91' lang='lat' dir='ltr'>rediit.</span> <span class='ocrx_word' id='word_1_34' title='bbox 423 838 475 906; x_wconf 85' lang='lat' dir='ltr'>Et,</span> <span class='ocrx_word' id='word_1_35' title='bbox 486 838 558 894; x_wconf 92' lang='lat' dir='ltr'>dum</span> <span class='ocrx_word' id='word_1_36' title='bbox 569 837 711 893; x_wconf 90' lang='lat' dir='ltr'>Albanus</span> <span class='ocrx_word' id='word_1_37' title='bbox 726 836 879 894; x_wconf 87' lang='lat' dir='ltr'>exercitus</span> <span class='ocrx_word' id='word_1_38' title='bbox 895 836 1039 893; x_wconf 89' lang='lat' dir='ltr'>inclamat</span> <span class='ocrx_word' id='word_1_39' title='bbox 1053 835 1206 909; x_wconf 81' lang='lat' dir='ltr'>Curiatiis,</span> 
     </span>
     <span class='ocr_line' id='line_1_6' title="bbox 156 934 1207 1009; baseline -0.002 -17"><span class='ocrx_word' id='word_1_40' title='bbox 156 937 202 992; x_wconf 92' lang='lat' dir='ltr'>uti</span> <span class='ocrx_word' id='word_1_41' title='bbox 216 953 306 1009; x_wconf 91' lang='lat' dir='ltr'>opem</span> <span class='ocrx_word' id='word_1_42' title='bbox 321 936 424 992; x_wconf 90' lang='lat' dir='ltr'>ferant</span> <span class='ocrx_word' id='word_1_43' title='bbox 439 936 539 1004; x_wconf 87' lang='lat' dir='ltr'>fratri,</span> <span class='ocrx_word' id='word_1_44' title='bbox 549 937 612 1008; x_wconf 85' lang='lat' dir='ltr'>jam</span> <span class='ocrx_word' id='word_1_45' title='bbox 628 935 776 992; x_wconf 86' lang='lat' dir='ltr'>Horatius</span> <span class='ocrx_word' id='word_1_46' title='bbox 792 951 882 992; x_wconf 88' lang='lat' dir='ltr'>caeso</span> <span class='ocrx_word' id='word_1_47' title='bbox 896 935 984 991; x_wconf 89' lang='lat' dir='ltr'>hoste</span> <span class='ocrx_word' id='word_1_48' title='bbox 994 934 1207 992; x_wconf 83' lang='lat' dir='ltr'>victorsecun·</span> 
     </span>
     <span class='ocr_line' id='line_1_7' title="bbox 156 1032 1208 1108; baseline 0.002 -20"><span class='ocrx_word' id='word_1_49' title='bbox 156 1034 228 1089; x_wconf 90' lang='lat' dir='ltr'>dam</span> <span class='ocrx_word' id='word_1_50' title='bbox 253 1050 388 1108; x_wconf 88' lang='lat' dir='ltr'>pugnam</span> <span class='ocrx_word' id='word_1_51' title='bbox 413 1034 547 1107; x_wconf 89' lang='lat' dir='ltr'>petebat.</span> <span class='ocrx_word' id='word_1_52' title='bbox 592 1034 672 1089; x_wconf 86' lang='lat' dir='ltr'>Tum</span> <span class='ocrx_word' id='word_1_53' title='bbox 695 1033 837 1102; x_wconf 88' lang='lat' dir='ltr'>clamore,</span> <span class='ocrx_word' id='word_1_54' title='bbox 864 1032 963 1105; x_wconf 88' lang='lat' dir='ltr'>qualis</span> <span class='ocrx_word' id='word_1_55' title='bbox 988 1050 1027 1089; x_wconf 87' lang='lat' dir='ltr'>ex</span> <span class='ocrx_word' id='word_1_56' title='bbox 1052 1033 1208 1106; x_wconf 86' lang='lat' dir='ltr'>insperato</span> 
     </span>
     <span class='ocr_line' id='line_1_8' title="bbox 157 1131 1207 1204; baseline 0.002 -18"><span class='ocrx_word' id='word_1_57' title='bbox 157 1131 324 1187; x_wconf 86' lang='lat' dir='ltr'>faventium</span> <span class='ocrx_word' id='word_1_58' title='bbox 340 1131 430 1200; x_wconf 88' lang='lat' dir='ltr'>solet,</span> <span class='ocrx_word' id='word_1_59' title='bbox 447 1131 577 1187; x_wconf 88' lang='lat' dir='ltr'>Romani</span> <span class='ocrx_word' id='word_1_60' title='bbox 599 1132 749 1204; x_wconf 86' lang='lat' dir='ltr'>adjuvant</span> <span class='ocrx_word' id='word_1_61' title='bbox 769 1131 895 1187; x_wconf 90' lang='lat' dir='ltr'>militem</span> <span class='ocrx_word' id='word_1_62' title='bbox 917 1148 1022 1187; x_wconf 89' lang='lat' dir='ltr'>suum:</span> <span class='ocrx_word' id='word_1_63' title='bbox 1046 1135 1076 1188; x_wconf 93' lang='lat' dir='ltr'>et</span> <span class='ocrx_word' id='word_1_64' title='bbox 1091 1131 1140 1187; x_wconf 92' lang='lat' dir='ltr'>ille</span> <span class='ocrx_word' id='word_1_65' title='bbox 1156 1132 1207 1188; x_wconf 84' lang='lat' dir='ltr'>de-</span> 
     </span>
     <span class='ocr_line' id='line_1_9' title="bbox 157 1228 1207 1304; baseline 0.002 -20"><span class='ocrx_word' id='word_1_66' title='bbox 157 1229 247 1304; x_wconf 83' lang='lat' dir='ltr'>fungi</span> <span class='ocrx_word' id='word_1_67' title='bbox 260 1228 377 1302; x_wconf 91' lang='lat' dir='ltr'>prcelio</span> <span class='ocrx_word' id='word_1_68' title='bbox 391 1229 529 1286; x_wconf 87' lang='lat' dir='ltr'>festinat.</span> <span class='ocrx_word' id='word_1_69' title='bbox 573 1229 662 1285; x_wconf 88' lang='lat' dir='ltr'>Prius</span> <span class='ocrx_word' id='word_1_70' title='bbox 678 1229 780 1301; x_wconf 89' lang='lat' dir='ltr'>itaque</span> <span class='ocrx_word' id='word_1_71' title='bbox 795 1246 886 1301; x_wconf 88' lang='lat' dir='ltr'>quam</span> <span class='ocrx_word' id='word_1_72' title='bbox 901 1228 988 1296; x_wconf 88' lang='lat' dir='ltr'>alter,</span> <span class='ocrx_word' id='word_1_73' title='bbox 1005 1228 1056 1300; x_wconf 93' lang='lat' dir='ltr'>qui</span> <span class='ocrx_word' id='word_1_74' title='bbox 1071 1247 1126 1286; x_wconf 87' lang='lat' dir='ltr'>nec</span> <span class='ocrx_word' id='word_1_75' title='bbox 1139 1247 1207 1303; x_wconf 87' lang='lat' dir='ltr'>pro·</span> 
     </span>
     <span class='ocr_line' id='line_1_10' title="bbox 157 1323 1204 1399; baseline 0.001 -17"><span class='ocrx_word' id='word_1_76' title='bbox 157 1326 207 1382; x_wconf 93' lang='lat' dir='ltr'>cul</span> <span class='ocrx_word' id='word_1_77' title='bbox 232 1326 349 1395; x_wconf 87' lang='lat' dir='ltr'>aberat,</span> <span class='ocrx_word' id='word_1_78' title='bbox 369 1327 515 1399; x_wconf 83' lang='lat' dir='ltr'>consequi</span> <span class='ocrx_word' id='word_1_79' title='bbox 540 1331 657 1399; x_wconf 88' lang='lat' dir='ltr'>posset,</span> <span class='ocrx_word' id='word_1_80' title='bbox 681 1331 713 1383; x_wconf 87' lang='lat' dir='ltr'>ct</span> <span class='ocrx_word' id='word_1_81' title='bbox 734 1323 861 1382; x_wconf 82' lang='lat' dir='ltr'>alterum</span> <span class='ocrx_word' id='word_1_82' title='bbox 883 1323 1050 1382; x_wconf 87' lang='lat' dir='ltr'>Curiatium</span> <span class='ocrx_word' id='word_1_83' title='bbox 1072 1328 1204 1383; x_wconf 85' lang='lat' dir='ltr'>conticit.</span> 
     </span>
     <span class='ocr_line' id='line_1_11' title="bbox 155 1423 1207 1499; baseline 0.001 -18"><span class='ocrx_word' id='word_1_84' title='bbox 155 1425 298 1496; x_wconf 81' lang='lat' dir='ltr'>Jamque,</span> <span class='ocrx_word' id='word_1_85' title='bbox 314 1428 456 1496; x_wconf 90' lang='lat' dir='ltr'>aequat0,</span> <span class='ocrx_word' id='word_1_86' title='bbox 474 1424 585 1490; x_wconf 84' lang='lat' dir='ltr'>Marte,</span> <span class='ocrx_word' id='word_1_87' title='bbox 603 1423 715 1499; x_wconf 87' lang='lat' dir='ltr'>singuli</span> <span class='ocrx_word' id='word_1_88' title='bbox 729 1428 926 1496; x_wconf 83' lang='lat' dir='ltr'>supererant:</span> <span class='ocrx_word' id='word_1_89' title='bbox 942 1423 996 1480; x_wconf 89' lang='lat' dir='ltr'>sed</span> <span class='ocrx_word' id='word_1_90' title='bbox 1012 1441 1067 1480; x_wconf 90' lang='lat' dir='ltr'>nec</span> <span class='ocrx_word' id='word_1_91' title='bbox 1082 1442 1135 1496; x_wconf 86' lang='lat' dir='ltr'>spe</span> <span class='ocrx_word' id='word_1_92' title='bbox 1152 1443 1207 1482; x_wconf 90' lang='lat' dir='ltr'>nec</span> 
     </span>
     <span class='ocr_line' id='line_1_12' title="bbox 156 1521 1207 1597; baseline 0.002 -21"><span class='ocrx_word' id='word_1_93' title='bbox 156 1521 272 1578; x_wconf 87' lang='lat' dir='ltr'>viribus</span> <span class='ocrx_word' id='word_1_94' title='bbox 290 1539 390 1594; x_wconf 91' lang='lat' dir='ltr'>pares.</span> <span class='ocrx_word' id='word_1_95' title='bbox 434 1521 575 1578; x_wconf 86' lang='lat' dir='ltr'>Alterum</span> <span class='ocrx_word' id='word_1_96' title='bbox 596 1521 744 1578; x_wconf 90' lang='lat' dir='ltr'>intactum</span> <span class='ocrx_word' id='word_1_97' title='bbox 765 1522 848 1578; x_wconf 88' lang='lat' dir='ltr'>ferro</span> <span class='ocrx_word' id='word_1_98' title='bbox 870 1538 979 1595; x_wconf 89' lang='lat' dir='ltr'>corpus</span> <span class='ocrx_word' id='word_1_99' title='bbox 1001 1526 1032 1578; x_wconf 92' lang='lat' dir='ltr'>et</span> <span class='ocrx_word' id='word_1_100' title='bbox 1052 1522 1207 1597; x_wconf 85' lang='lat' dir='ltr'>geminata</span> 
     </span>
     <span class='ocr_line' id='line_1_13' title="bbox 156 1615 1205 1687; baseline 0.002 -13"><span class='ocrx_word' id='word_1_101' title='bbox 156 1619 285 1676; x_wconf 87' lang='lat' dir='ltr'>victoria</span> <span class='ocrx_word' id='word_1_102' title='bbox 304 1620 437 1676; x_wconf 86' lang='lat' dir='ltr'>ferocem</span> <span class='ocrx_word' id='word_1_103' title='bbox 459 1619 490 1674; x_wconf 91' lang='lat' dir='ltr'>in</span> <span class='ocrx_word' id='word_1_104' title='bbox 512 1625 665 1676; x_wconf 86' lang='lat' dir='ltr'>certamen</span> <span class='ocrx_word' id='word_1_105' title='bbox 687 1615 810 1675; x_wconf 81' lang='lat' dir='ltr'>tertium</span> <span class='ocrx_word' id='word_1_106' title='bbox 831 1619 965 1675; x_wconf 85' lang='lat' dir='ltr'>dabant:</span> <span class='ocrx_word' id='word_1_107' title='bbox 989 1619 1075 1687; x_wconf 86' lang='lat' dir='ltr'>alter,</span> <span class='ocrx_word' id='word_1_108' title='bbox 1093 1621 1205 1676; x_wconf 83' lang='lat' dir='ltr'>fessum</span> 
     </span>
     <span class='ocr_line' id='line_1_14' title="bbox 156 1714 1206 1790; baseline 0.001 -17"><span class='ocrx_word' id='word_1_109' title='bbox 156 1714 293 1785; x_wconf 87' lang='lat' dir='ltr'>vulnere,</span> <span class='ocrx_word' id='word_1_110' title='bbox 310 1717 425 1774; x_wconf 86' lang='lat' dir='ltr'>fessum</span> <span class='ocrx_word' id='word_1_111' title='bbox 436 1734 526 1773; x_wconf 88' lang='lat' dir='ltr'>cursu</span> <span class='ocrx_word' id='word_1_112' title='bbox 540 1717 665 1773; x_wconf 85' lang='lat' dir='ltr'>trahens</span> <span class='ocrx_word' id='word_1_113' title='bbox 680 1734 802 1790; x_wconf 86' lang='lat' dir='ltr'>corpus,</span> <span class='ocrx_word' id='word_1_114' title='bbox 816 1717 974 1790; x_wconf 86' lang='lat' dir='ltr'>victusque</span> <span class='ocrx_word' id='word_1_115' title='bbox 991 1717 1119 1773; x_wconf 90' lang='lat' dir='ltr'>fratrum</span> <span class='ocrx_word' id='word_1_116' title='bbox 1135 1724 1206 1774; x_wconf 89' lang='lat' dir='ltr'>ante</span> 
     </span>
     <span class='ocr_line' id='line_1_15' title="bbox 157 1813 1203 1890; baseline 0 -20"><span class='ocrx_word' id='word_1_117' title='bbox 157 1831 190 1870; x_wconf 90' lang='lat' dir='ltr'>se</span> <span class='ocrx_word' id='word_1_118' title='bbox 212 1818 327 1890; x_wconf 85' lang='lat' dir='ltr'>strage,</span> <span class='ocrx_word' id='word_1_119' title='bbox 343 1813 453 1870; x_wconf 89' lang='lat' dir='ltr'>victori</span> <span class='ocrx_word' id='word_1_120' title='bbox 473 1813 617 1886; x_wconf 86' lang='lat' dir='ltr'>objicitur</span> <span class='ocrx_word' id='word_1_121' title='bbox 637 1814 728 1870; x_wconf 91' lang='lat' dir='ltr'>hosti.</span> <span class='ocrx_word' id='word_1_122' title='bbox 774 1814 840 1870; x_wconf 88' lang='lat' dir='ltr'>Nec</span> <span class='ocrx_word' id='word_1_123' title='bbox 862 1813 935 1870; x_wconf 91' lang='lat' dir='ltr'>illud</span> <span class='ocrx_word' id='word_1_124' title='bbox 957 1814 1104 1888; x_wconf 89' lang='lat' dir='ltr'>proelium</span> <span class='ocrx_word' id='word_1_125' title='bbox 1128 1820 1203 1872; x_wconf 88' lang='lat' dir='ltr'>erat.</span> 
     </span>
     <span class='ocr_line' id='line_1_16' title="bbox 157 1910 1205 1984; baseline 0.001 -17"><span class='ocrx_word' id='word_1_126' title='bbox 157 1911 313 1968; x_wconf 89' lang='lat' dir='ltr'>Romanus</span> <span class='ocrx_word' id='word_1_127' title='bbox 323 1911 494 1979; x_wconf 85' lang='lat' dir='ltr'>exsultans,</span> <span class='ocrx_word' id='word_1_128' title='bbox 508 1916 529 1943; x_wconf 79' lang='lat'><em>“</em></span> <span class='ocrx_word' id='word_1_129' title='bbox 538 1910 656 1977; x_wconf 79' lang='lat' dir='ltr'>Duos,’&#39;</span> <span class='ocrx_word' id='word_1_130' title='bbox 669 1911 778 1984; x_wconf 90' lang='lat' dir='ltr'>inquit,</span> <span class='ocrx_word' id='word_1_131' title='bbox 790 1913 947 1968; x_wconf 81' lang='lat' dir='ltr'>“fratrum</span> <span class='ocrx_word' id='word_1_132' title='bbox 960 1912 1104 1968; x_wconf 86' lang='lat' dir='ltr'>Manibus</span> <span class='ocrx_word' id='word_1_133' title='bbox 1116 1912 1205 1969; x_wconf 90' lang='lat' dir='ltr'>dedi:</span> 
     </span>
     <span class='ocr_line' id='line_1_17' title="bbox 156 2009 1204 2084; baseline 0 -18"><span class='ocrx_word' id='word_1_134' title='bbox 156 2009 280 2066; x_wconf 87' lang='lat' dir='ltr'>tertium</span> <span class='ocrx_word' id='word_1_135' title='bbox 304 2026 414 2065; x_wconf 88' lang='lat' dir='ltr'>causae</span> <span class='ocrx_word' id='word_1_136' title='bbox 438 2009 509 2065; x_wconf 94' lang='lat' dir='ltr'>belli</span> <span class='ocrx_word' id='word_1_137' title='bbox 532 2009 671 2081; x_wconf 88' lang='lat' dir='ltr'>hujusce,</span> <span class='ocrx_word' id='word_1_138' title='bbox 688 2015 722 2066; x_wconf 92' lang='lat' dir='ltr'>ut</span> <span class='ocrx_word' id='word_1_139' title='bbox 742 2009 898 2065; x_wconf 84' lang='lat' dir='ltr'>Romanus</span> <span class='ocrx_word' id='word_1_140' title='bbox 921 2009 1046 2066; x_wconf 89' lang='lat' dir='ltr'>Albano</span> <span class='ocrx_word' id='word_1_141' title='bbox 1065 2009 1204 2084; x_wconf 89' lang='lat' dir='ltr'>imperet,</span> 
     </span>
     <span class='ocr_line' id='line_1_18' title="bbox 156 2106 1204 2184; baseline 0 -20"><span class='ocrx_word' id='word_1_142' title='bbox 156 2106 270 2164; x_wconf 86' lang='lat' dir='ltr'>dab0.&#39;’</span> <span class='ocrx_word' id='word_1_143' title='bbox 300 2106 383 2163; x_wconf 90' lang='lat' dir='ltr'>Male</span> <span class='ocrx_word' id='word_1_144' title='bbox 399 2106 563 2163; x_wconf 87' lang='lat' dir='ltr'>sustinenti</span> <span class='ocrx_word' id='word_1_145' title='bbox 578 2124 663 2163; x_wconf 88' lang='lat' dir='ltr'>arma</span> <span class='ocrx_word' id='word_1_146' title='bbox 671 2106 807 2182; x_wconf 87' lang='lat' dir='ltr'>gladium</span> <span class='ocrx_word' id='word_1_147' title='bbox 823 2125 952 2181; x_wconf 86' lang='lat' dir='ltr'>superne</span> <span class='ocrx_word' id='word_1_148' title='bbox 963 2107 1070 2184; x_wconf 89' lang='lat' dir='ltr'>jugulo</span> <span class='ocrx_word' id='word_1_149' title='bbox 1081 2109 1204 2184; x_wconf 86' lang='lat' dir='ltr'>defigit:</span> 
     </span>
     <span class='ocr_line' id='line_1_19' title="bbox 152 2194 1205 2281; baseline 0.002 -20"><span class='ocrx_word' id='word_1_150' title='bbox 152 2207 307 2279; x_wconf 88' lang='lat' dir='ltr'>jacentem</span> <span class='ocrx_word' id='word_1_151' title='bbox 321 2194 443 2278; x_wconf 90' lang='lat' dir='ltr'>spoliat.</span> <span class='ocrx_word' id='word_1_152' title='bbox 488 2205 619 2261; x_wconf 86' lang='lat' dir='ltr'>Romani</span> <span class='ocrx_word' id='word_1_153' title='bbox 634 2210 764 2261; x_wconf 88' lang='lat' dir='ltr'>ovantes</span> <span class='ocrx_word' id='word_1_154' title='bbox 779 2223 815 2262; x_wconf 88' lang='lat' dir='ltr'>ac</span> <span class='ocrx_word' id='word_1_155' title='bbox 832 2206 1021 2281; x_wconf 87' lang='lat' dir='ltr'>gratulantes</span> <span class='ocrx_word' id='word_1_156' title='bbox 1043 2207 1205 2263; x_wconf 86' lang='lat' dir='ltr'>Horatium</span> 
     </span>
     <span class='ocr_line' id='line_1_20' title="bbox 156 2302 1205 2378; baseline 0.001 -18"><span class='ocrx_word' id='word_1_157' title='bbox 156 2302 328 2375; x_wconf 81' lang='lat' dir='ltr'>accipiunt3</span> <span class='ocrx_word' id='word_1_158' title='bbox 351 2320 388 2359; x_wconf 91' lang='lat' dir='ltr'>eo</span> <span class='ocrx_word' id='word_1_159' title='bbox 409 2304 525 2375; x_wconf 86' lang='lat' dir='ltr'>majore</span> <span class='ocrx_word' id='word_1_160' title='bbox 547 2320 615 2359; x_wconf 91' lang='lat' dir='ltr'>cum</span> <span class='ocrx_word' id='word_1_161' title='bbox 636 2302 760 2378; x_wconf 87' lang='lat' dir='ltr'>gaudio,</span> <span class='ocrx_word' id='word_1_162' title='bbox 777 2320 837 2375; x_wconf 93' lang='lat' dir='ltr'>quo</span> <span class='ocrx_word' id='word_1_163' title='bbox 851 2321 945 2377; x_wconf 90' lang='lat' dir='ltr'>prope</span> <span class='ocrx_word' id='word_1_164' title='bbox 967 2311 1078 2361; x_wconf 91' lang='lat' dir='ltr'>metum</span> <span class='ocrx_word' id='word_1_165' title='bbox 1094 2322 1143 2361; x_wconf 86' lang='lat' dir='ltr'>res</span> <span class='ocrx_word' id='word_1_166' title='bbox 1158 2306 1205 2361; x_wconf 92' lang='lat' dir='ltr'>fu-</span> 
     </span>
     <span class='ocr_line' id='line_1_21' title="bbox 156 2399 1205 2475; baseline 0.002 -18"><span class='ocrx_word' id='word_1_167' title='bbox 156 2405 232 2457; x_wconf 87' lang='lat' dir='ltr'>erat.</span> <span class='ocrx_word' id='word_1_168' title='bbox 277 2400 329 2457; x_wconf 89' lang='lat' dir='ltr'>Ad</span> <span class='ocrx_word' id='word_1_169' title='bbox 344 2400 531 2473; x_wconf 86' lang='lat' dir='ltr'>sepulturam</span> <span class='ocrx_word' id='word_1_170' title='bbox 552 2399 623 2456; x_wconf 90' lang='lat' dir='ltr'>inde</span> <span class='ocrx_word' id='word_1_171' title='bbox 638 2417 762 2456; x_wconf 90' lang='lat' dir='ltr'>suorum</span> <span class='ocrx_word' id='word_1_172' title='bbox 784 2418 974 2473; x_wconf 86' lang='lat' dir='ltr'>nequaquam</span> <span class='ocrx_word' id='word_1_173' title='bbox 994 2402 1119 2475; x_wconf 87' lang='lat' dir='ltr'>paribus</span> <span class='ocrx_word' id='word_1_174' title='bbox 1142 2402 1205 2459; x_wconf 91' lang='lat' dir='ltr'>ani-</span> 
     </span>
    </p>

    <p class='ocr_par' dir='ltr' id='par_1_3' title="bbox 103 2497 1205 2865">
     <span class='ocr_line' id='line_1_22' title="bbox 155 2497 1205 2571; baseline 0.004 -18"><span class='ocrx_word' id='word_1_175' title='bbox 155 2498 213 2554; x_wconf 90' lang='lat' dir='ltr'>mis</span> <span class='ocrx_word' id='word_1_176' title='bbox 239 2502 416 2564; x_wconf 87' lang='lat' dir='ltr'>vertuntur;</span> <span class='ocrx_word' id='word_1_177' title='bbox 445 2498 557 2571; x_wconf 91' lang='lat' dir='ltr'>quippe</span> <span class='ocrx_word' id='word_1_178' title='bbox 582 2497 710 2571; x_wconf 88' lang='lat' dir='ltr'>imperio</span> <span class='ocrx_word' id='word_1_179' title='bbox 734 2498 821 2555; x_wconf 89' lang='lat' dir='ltr'>alteri</span> <span class='ocrx_word' id='word_1_180' title='bbox 846 2499 938 2565; x_wconf 89' lang='lat' dir='ltr'>aucti,</span> <span class='ocrx_word' id='word_1_181' title='bbox 965 2499 1052 2557; x_wconf 91' lang='lat' dir='ltr'>alteri</span> <span class='ocrx_word' id='word_1_182' title='bbox 1080 2500 1205 2557; x_wconf 88' lang='lat' dir='ltr'>ditionis</span> 
     </span>
     <span class='ocr_line' id='line_1_23' title="bbox 103 2579 1203 2669; baseline 0.002 -18"><span class='ocrx_word' id='word_1_183' title='bbox 103 2579 105 2582; x_wconf 34' lang='lat'>¹</span> <span class='ocrx_word' id='word_1_184' title='bbox 155 2595 274 2652; x_wconf 87' lang='lat' dir='ltr'>alienae</span> <span class='ocrx_word' id='word_1_185' title='bbox 295 2595 382 2652; x_wconf 89' lang='lat' dir='ltr'>facti.</span> <span class='ocrx_word' id='word_1_186' title='bbox 427 2594 572 2668; x_wconf 88' lang='lat' dir='ltr'>Sepulcra</span> <span class='ocrx_word' id='word_1_187' title='bbox 596 2601 732 2665; x_wconf 84' lang='lat' dir='ltr'>exstant,</span> <span class='ocrx_word' id='word_1_188' title='bbox 756 2614 817 2669; x_wconf 93' lang='lat' dir='ltr'>quo</span> <span class='ocrx_word' id='word_1_189' title='bbox 837 2597 965 2669; x_wconf 90' lang='lat' dir='ltr'>quisque</span> <span class='ocrx_word' id='word_1_190' title='bbox 986 2597 1054 2655; x_wconf 90' lang='lat' dir='ltr'>loco</span> <span class='ocrx_word' id='word_1_191' title='bbox 1076 2598 1203 2655; x_wconf 84' lang='lat' dir='ltr'>cecidit:</span> 
     </span>
     <span class='ocr_line' id='line_1_24' title="bbox 155 2693 1205 2767; baseline 0.002 -18"><span class='ocrx_word' id='word_1_192' title='bbox 155 2693 218 2750; x_wconf 91' lang='lat' dir='ltr'>duo</span> <span class='ocrx_word' id='word_1_193' title='bbox 236 2693 376 2749; x_wconf 88' lang='lat' dir='ltr'>Romana</span> <span class='ocrx_word' id='word_1_194' title='bbox 399 2710 460 2749; x_wconf 90' lang='lat' dir='ltr'>uno</span> <span class='ocrx_word' id='word_1_195' title='bbox 479 2693 546 2750; x_wconf 91' lang='lat' dir='ltr'>loco</span> <span class='ocrx_word' id='word_1_196' title='bbox 569 2694 694 2767; x_wconf 84' lang='lat' dir='ltr'>propius</span> <span class='ocrx_word' id='word_1_197' title='bbox 711 2694 836 2762; x_wconf 85' lang='lat' dir='ltr'>Albam,</span> <span class='ocrx_word' id='word_1_198' title='bbox 853 2694 912 2751; x_wconf 91' lang='lat' dir='ltr'>tria</span> <span class='ocrx_word' id='word_1_199' title='bbox 931 2694 1056 2753; x_wconf 89' lang='lat' dir='ltr'>Albana</span> <span class='ocrx_word' id='word_1_200' title='bbox 1076 2696 1205 2753; x_wconf 85' lang='lat' dir='ltr'>Romam</span> 
     </span>
     <span class='ocr_line' id='line_1_25' title="bbox 156 2789 974 2865; baseline 0.001 -18"><span class='ocrx_word' id='word_1_201' title='bbox 156 2807 263 2847; x_wconf 91' lang='lat' dir='ltr'>versus</span> <span class='ocrx_word' id='word_1_202' title='bbox 275 2808 282 2859; x_wconf 94' lang='lat'>;</span> <span class='ocrx_word' id='word_1_203' title='bbox 305 2790 360 2847; x_wconf 90' lang='lat' dir='ltr'>sed</span> <span class='ocrx_word' id='word_1_204' title='bbox 374 2789 522 2848; x_wconf 89' lang='lat' dir='ltr'>distantia</span> <span class='ocrx_word' id='word_1_205' title='bbox 536 2790 623 2859; x_wconf 88' lang='lat' dir='ltr'>loeis,</span> <span class='ocrx_word' id='word_1_206' title='bbox 640 2795 671 2847; x_wconf 90' lang='lat' dir='ltr'>et</span> <span class='ocrx_word' id='word_1_207' title='bbox 685 2795 718 2847; x_wconf 90' lang='lat' dir='ltr'>ut</span> <span class='ocrx_word' id='word_1_208' title='bbox 733 2796 901 2865; x_wconf 87' lang='lat' dir='ltr'>pugnatum</span> <span class='ocrx_word' id='word_1_209' title='bbox 916 2796 974 2849; x_wconf 89' lang='lat' dir='ltr'>est.</span> 
     </span>
    </p>
   </div>
   <div class='ocr_carea' id='block_1_3' title="bbox 579 3030 779 3087">
    <p class='ocr_par' dir='ltr' id='par_1_4' title="bbox 579 3030 779 3087">
     <span class='ocr_line' id='line_1_26' title="bbox 579 3030 779 3087; baseline 0 0"><span class='ocrx_word' id='word_1_210' title='bbox 579 3032 629 3087; x_wconf 87' lang='lat'>83.</span> <span class='ocrx_word' id='word_1_211' title='bbox 672 3030 779 3087; x_wconf 77' lang='lat' dir='ltr'>Iranr.</span> 
     </span>
    </p>
   </div>
   <div class='ocr_carea' id='block_1_4' title="bbox 255 3158 1106 3842">
    <p class='ocr_par' dir='ltr' id='par_1_5' title="bbox 259 3158 1006 3252">
     <span class='ocr_line' id='line_1_27' title="bbox 259 3158 1006 3252; baseline 0.003 -17"><span class='ocrx_word' id='word_1_212' title='bbox 259 3176 321 3235; x_wconf 85' lang='lat' dir='ltr'>Sed</span> <span class='ocrx_word' id='word_1_213' title='bbox 334 3196 431 3252; x_wconf 89' lang='lat' dir='ltr'>neque</span> <span class='ocrx_word' id='word_1_214' title='bbox 445 3178 608 3237; x_wconf 90' lang='lat' dir='ltr'>Medorum</span> <span class='ocrx_word' id='word_1_215' title='bbox 622 3177 729 3249; x_wconf 90' lang='lat' dir='ltr'>silvae,</span> <span class='ocrx_word' id='word_1_216' title='bbox 746 3158 898 3235; x_wconf 79' lang='lat' dir='ltr'>ditissima</span> <span class='ocrx_word' id='word_1_217' title='bbox 914 3186 1006 3251; x_wconf 89' lang='lat' dir='ltr'>terra,</span> 
     </span>
    </p>

    <p class='ocr_par' dir='ltr' id='par_1_6' title="bbox 255 3274 1106 3547">
     <span class='ocr_line' id='line_1_28' title="bbox 257 3274 1102 3351; baseline 0.006 -20"><span class='ocrx_word' id='word_1_218' title='bbox 257 3274 324 3333; x_wconf 88' lang='lat' dir='ltr'>Nec</span> <span class='ocrx_word' id='word_1_219' title='bbox 338 3276 462 3350; x_wconf 89' lang='lat' dir='ltr'>pulcher</span> <span class='ocrx_word' id='word_1_220' title='bbox 476 3275 603 3351; x_wconf 87' lang='lat' dir='ltr'>Ganges</span> <span class='ocrx_word' id='word_1_221' title='bbox 618 3283 710 3348; x_wconf 87' lang='lat' dir='ltr'>atquc</span> <span class='ocrx_word' id='word_1_222' title='bbox 725 3293 800 3332; x_wconf 92' lang='lat' dir='ltr'>auro</span> <span class='ocrx_word' id='word_1_223' title='bbox 814 3277 954 3333; x_wconf 90' lang='lat' dir='ltr'>turbidus</span> <span class='ocrx_word' id='word_1_224' title='bbox 970 3278 1102 3336; x_wconf 91' lang='lat' dir='ltr'>Hermus</span> 
     </span>
     <span class='ocr_line' id='line_1_29' title="bbox 258 3372 1106 3448; baseline 0.005 -19"><span class='ocrx_word' id='word_1_225' title='bbox 258 3372 412 3430; x_wconf 89' lang='lat' dir='ltr'>Laudibus</span> <span class='ocrx_word' id='word_1_226' title='bbox 427 3373 536 3430; x_wconf 87' lang='lat' dir='ltr'>Italiae</span> <span class='ocrx_word' id='word_1_227' title='bbox 552 3378 679 3443; x_wconf 85' lang='lat' dir='ltr'>certent,</span> <span class='ocrx_word' id='word_1_228' title='bbox 697 3391 758 3430; x_wconf 91' lang='lat' dir='ltr'>non</span> <span class='ocrx_word' id='word_1_229' title='bbox 773 3374 895 3442; x_wconf 88' lang='lat' dir='ltr'>Bactra,</span> <span class='ocrx_word' id='word_1_230' title='bbox 913 3392 1009 3448; x_wconf 87' lang='lat' dir='ltr'>neque</span> <span class='ocrx_word' id='word_1_231' title='bbox 1024 3377 1106 3445; x_wconf 76' lang='lat' dir='ltr'>lodi,</span> 
     </span>
     <span class='ocr_line' id='line_1_30' title="bbox 255 3470 979 3547; baseline 0.001 -19"><span class='ocrx_word' id='word_1_232' title='bbox 255 3470 395 3544; x_wconf 85' lang='lat' dir='ltr'>Totaque</span> <span class='ocrx_word' id='word_1_233' title='bbox 409 3471 546 3528; x_wconf 85' lang='lat' dir='ltr'>turiferis</span> <span class='ocrx_word' id='word_1_234' title='bbox 559 3471 716 3529; x_wconf 86' lang='lat' dir='ltr'>Panchaia</span> <span class='ocrx_word' id='word_1_235' title='bbox 730 3470 852 3547; x_wconf 86' lang='lat' dir='ltr'>pinguis</span> <span class='ocrx_word' id='word_1_236' title='bbox 868 3473 979 3529; x_wconf 86' lang='lat' dir='ltr'>arenis.</span> 
     </span>
    </p>

    <p class='ocr_par' dir='ltr' id='par_1_7' title="bbox 256 3568 1017 3744">
     <span class='ocr_line' id='line_1_31' title="bbox 256 3568 1017 3647; baseline 0.003 -22"><span class='ocrx_word' id='word_1_237' title='bbox 256 3568 342 3627; x_wconf 91' lang='lat' dir='ltr'>Haec</span> <span class='ocrx_word' id='word_1_238' title='bbox 356 3569 424 3626; x_wconf 87' lang='lat' dir='ltr'>loca</span> <span class='ocrx_word' id='word_1_239' title='bbox 438 3586 499 3626; x_wconf 89' lang='lat' dir='ltr'>non</span> <span class='ocrx_word' id='word_1_240' title='bbox 514 3570 592 3626; x_wconf 87' lang='lat' dir='ltr'>tauri</span> <span class='ocrx_word' id='word_1_241' title='bbox 608 3569 761 3643; x_wconf 83' lang='lat' dir='ltr'>spirantes</span> <span class='ocrx_word' id='word_1_242' title='bbox 775 3570 900 3627; x_wconf 87' lang='lat' dir='ltr'>naribus</span> <span class='ocrx_word' id='word_1_243' title='bbox 916 3571 1017 3647; x_wconf 90' lang='lat' dir='ltr'>ignem</span> 
     </span>
     <span class='ocr_line' id='line_1_32' title="bbox 256 3667 943 3744; baseline 0.003 -21"><span class='ocrx_word' id='word_1_244' title='bbox 256 3667 412 3725; x_wconf 85' lang='lat' dir='ltr'>Invertere</span> <span class='ocrx_word' id='word_1_245' title='bbox 427 3667 503 3724; x_wconf 89' lang='lat' dir='ltr'>satis</span> <span class='ocrx_word' id='word_1_246' title='bbox 518 3668 658 3724; x_wconf 89' lang='lat' dir='ltr'>immanis</span> <span class='ocrx_word' id='word_1_247' title='bbox 674 3667 817 3725; x_wconf 87' lang='lat' dir='ltr'>dentibus</span> <span class='ocrx_word' id='word_1_248' title='bbox 833 3668 943 3744; x_wconf 87' lang='lat' dir='ltr'>Hydri,</span> 
     </span>
    </p>

    <p class='ocr_par' dir='ltr' id='par_1_8' title="bbox 256 3764 1089 3842">
     <span class='ocr_line' id='line_1_33' title="bbox 256 3764 1089 3842; baseline 0.002 -21"><span class='ocrx_word' id='word_1_249' title='bbox 256 3764 322 3822; x_wconf 87' lang='lat' dir='ltr'>Nec</span> <span class='ocrx_word' id='word_1_250' title='bbox 336 3764 433 3841; x_wconf 88' lang='lat' dir='ltr'>galeis</span> <span class='ocrx_word' id='word_1_251' title='bbox 448 3764 612 3839; x_wconf 86' lang='lat' dir='ltr'>densisque</span> <span class='ocrx_word' id='word_1_252' title='bbox 627 3764 725 3823; x_wconf 89' lang='lat' dir='ltr'>virum</span> <span class='ocrx_word' id='word_1_253' title='bbox 740 3782 829 3842; x_wconf 84' lang='lat' dir='ltr'>seges</span> <span class='ocrx_word' id='word_1_254' title='bbox 844 3766 960 3824; x_wconf 91' lang='lat' dir='ltr'>horruit</span> <span class='ocrx_word' id='word_1_255' title='bbox 974 3767 1089 3835; x_wconf 82' lang='lat' dir='ltr'>hastis3</span> 
     </span>
    </p>
   </div>
   <div class='ocr_carea' id='block_1_5' title="bbox 0 0 1414 4300">
    <p class='ocr_par' dir='ltr' id='par_1_9' title="bbox 0 0 1414 4300">
     <span class='ocr_line' id='line_1_34' title="bbox 0 0 1414 4300; baseline 0 1"><span class='ocrx_word' id='word_1_256' title='bbox 0 0 1414 4300; x_wconf 95' lang='lat' dir='ltr'> </span> 
     </span>
    </p>
   </div>
  </div>
 </body>
</html>
