2817 4300
560 379 727 444 vuaem’s
750 395 884 443 mnmn.

271 568 321 627 hic
336 567 450 626 iratres
464 566 560 643 Lycia
573 567 685 624 missos
699 573 731 624 et
745 567 900 641 Apollinis
915 567 997 642 agris

271 671 304 724 et
317 666 458 722 iuvenem
472 682 601 722 exosum
615 664 798 737 nequiquam
813 663 893 722 bella
907 664 1085 735 Menoeten,

271 763 408 832 Arcada,
423 761 564 836 piscosae
578 761 627 820 cui
640 761 754 819 circum
768 761 891 818 flumina
906 761 1024 820 Lernae

272 878 323 917 ars
338 861 440 917 fuerat
453 875 627 934 pauperque
642 859 750 916 domus
765 877 821 917 nec
839 866 913 916 nota
927 863 1087 934 potentum

272 974 398 1015 munera
410 957 622 1030 conductaque
636 961 725 1030 pater
738 955 845 1014 tellure
860 957 992 1014 serebat.
1190 964 1248 1015 520

253 1152 376 1209 Turnus
389 1153 453 1209 aad
466 1152 592 1210 AEaeoa
604 1151 685 1209 olike
699 1151 768 1208 deal
781 1152 870 1208 death
884 1159 914 1209 to
929 1151 1010 1210 those
1023 1152 1090 1226 they
1104 1159 1189 1210 meet.

273 1267 322 1324 Ac
335 1265 420 1323 velut
434 1265 562 1322 immissi
576 1265 704 1324 diversis
720 1265 859 1339 partibus
874 1266 961 1343 ignes

273 1368 410 1421 arentem
424 1363 456 1419 in
469 1362 580 1420 silvam
594 1368 625 1421 et
639 1361 772 1439 virgulta
786 1364 929 1421 sonantia
942 1363 1039 1436 lauro,

273 1466 327 1518 aut
340 1461 393 1518 nbi
406 1461 536 1518 decursu
550 1460 658 1534 rapido
672 1461 710 1517 de
725 1461 879 1518 montibus
900 1461 970 1520 altis

273 1559 350 1616 dant
363 1558 497 1615 sonitum
510 1557 648 1631 spumosi
661 1576 768 1615 amnes
783 1564 815 1616 et
828 1559 858 1615 iu
874 1576 1006 1633 aequora
1020 1565 1144 1616 currunt

273 1655 400 1730 quisque
416 1673 504 1712 suum
518 1654 682 1728 populatus
696 1655 774 1712 iter:
791 1673 852 1712 uon
866 1656 990 1731 segnius
1006 1656 1097 1713 ambo
1191 1663 1249 1714 525

273 1753 397 1811 Aeneas
411 1753 592 1826 Turnusque
606 1757 699 1810 munt
712 1770 767 1827 per
781 1753 913 1826 proelia;
929 1771 1010 1810 nunc
1024 1771 1105 1811 nunc

274 1851 401 1909 fluctuat
414 1851 459 1907 ira
473 1850 567 1919 intus,
584 1855 764 1924 rumpuntur
778 1850 883 1908 nescia
902 1851 984 1908 vinei

275 1954 409 2024 pectora,
427 1966 507 2006 nunc
522 1948 596 2006 totis
611 1947 641 2004 iu
656 1948 784 2005 volnera
798 1947 913 2005 viribus
928 1948 998 2005 itur.

275 2046 454 2102 Murranum
469 2046 529 2116 hic,
545 2042 670 2103 ¹atavos
685 2050 717 2103 et
731 2063 857 2102 avorum
871 2045 996 2119 antiqua
1010 2051 1172 2103 sonantem

275 2144 398 2201 nomina
408 2161 462 2217 per
476 2161 623 2220 regesque
638 2148 741 2201 actum
754 2161 851 2220 genus
865 2161 955 2201 omne
971 2143 1110 2214 Latinos,
1193 2151 1252 2202 530

274 2242 472 2316 praecipitem
487 2241 613 2315 scopulo
627 2247 717 2315 atque
733 2240 866 2317 ingentis
880 2241 1001 2298 turbine
1016 2241 1084 2297 saxi

274 2339 392 2397 excutit
405 2339 594 2413 effunditque
608 2337 693 2396 solo:
709 2339 790 2396 hunc
803 2338 870 2395 lora
883 2344 915 2395 et
928 2338 998 2414 iuga
1013 2338 1130 2396 subter·

275 2436 454 2511 provolvere
469 2441 567 2505 rotae,
584 2436 692 2494 crebro
707 2452 799 2510 super
813 2432 943 2511 ²ungula
958 2435 1047 2510 pulsu

274 2534 368 2592 incita
383 2551 439 2591 nec
453 2533 569 2590 domini
584 2550 750 2590 memorum
767 2532 924 2607 proculcat
937 2528 1108 2606 8equorum.

274 2631 331 2688 Ille
346 2631 445 2688 ruenti
460 2630 555 2706 Hyllo
570 2630 740 2703 animisque
754 2630 885 2687 immane
901 2630 1044 2687 frementi
1193 2638 1251 2688 535

273 2728 406 2786 occurrit
420 2727 573 2801 telumque
589 2732 696 2785 aurata
712 2728 751 2785 ad
766 2732 904 2802 tempora
917 2731 1056 2801 torquet:

273 2825 328 2883 olli
342 2843 397 2900 per
410 2825 530 2902 galeam
544 2826 607 2883 fixo
621 2826 709 2882 stetit
722 2826 811 2881 hasta
826 2825 961 2882 cerebro.

274 2923 411 2982 Dextera
426 2941 482 2981 nec
498 2928 550 2981 tua
565 2928 606 2993 te,
623 2921 749 2981 Graium
765 2922 932 2980 fortissime
947 2920 1090 2992 Cretheu,

274 3021 385 3096 eripuit
398 3022 513 3079 'himo
556 3020 623 3079 Nec
637 3021 668 3078 di
683 3026 788 3078 texere
803 3018 979 3093 Cupencum

274 3120 382 3177 Aenea
397 3119 538 3178 veniente
552 3116 634 3176 ⁴sui:
649 3119 737 3177 dedit
749 3117 842 3176 obvia
856 3118 938 3175 ferro
1193 3123 1252 3175 540

274 3223 411 3291 pectora,
428 3236 485 3276 nec
499 3217 610 3275 misero
625 3216 715 3291 clipei
730 3233 816 3273 mora
830 3215 944 3289 profuit
958 3214 1048 3272 aerei.

273 3316 319 3373 Te
333 3333 453 3389 quoque
468 3316 637 3373 Laurentes
651 3315 805 3383 viderunt,
821 3312 929 3382 Aeole,
946 3312 1045 3386 campi

244 3478 360 3527 1atavos
378 3484 405 3527 et
423 3493 541 3526 avorum.
575 3476 662 3540 Cujus
679 3477 795 3540 majores
813 3490 903 3525 omnes
923 3473 1042 3523 Murrani
1059 3480 1121 3523 sunt
1141 3474 1205 3524 dicti
1224 3482 1251 3526 et

200 3575 275 3623 reges
287 3561 402 3610 fuerant.
411 3560 580 3609 —Saavrua

245 3642 453 3708 ²unguia,toos.

244 3725 315 3776 ⁸nec
328 3761 334 3773 .
348 3761 353 3773 .
368 3762 373 3773 .
387 3740 524 3787 equorum.
559 3724 694 3786 Equorum
708 3723 806 3772 domini
819 3723 1010 3773 immemorum.
1019 3748 1053 3759 -
1062 3722 1190 3773 Saavrus.

244 3805 527 3867 ‘sui,wr'tirdi,l.t39.
