<?xml version="1.0" encoding="UTF-8"?>
<!DOCTYPE html PUBLIC "-//W3C//DTD XHTML 1.0 Transitional//EN"
    "http://www.w3.org/TR/xhtml1/DTD/xhtml1-transitional.dtd">
<html xmlns="http://www.w3.org/1999/xhtml" xml:lang="en" lang="en">
 <head>
  <title>
</title>
<meta http-equiv="Content-Type" content="text/html;charset=utf-8" />
  <meta name='ocr-system' content='tesseract 3.04.00' />
  <meta name='ocr-capabilities' content='ocr_page ocr_carea ocr_par ocr_line ocrx_word'/>
</head>
<body>
  <div class='ocr_page' id='page_1' title='image "./selectionsfroml01tomlgoog_0054.png"; bbox 0 0 2817 4300; ppageno 0'>
   <div class='ocr_carea' id='block_1_1' title="bbox 183 401 1056 466">
    <p class='ocr_par' dir='ltr' id='par_1_1' title="bbox 183 401 1056 466">
     <span class='ocr_line' id='line_1_1' title="bbox 183 401 1056 466; baseline 0.002 -2"><span class='ocrx_word' id='word_1_1' title='bbox 183 401 224 465; x_wconf 83' lang='lat'>34</span> <span class='ocrx_word' id='word_1_2' title='bbox 356 417 577 464; x_wconf 82' lang='lat' dir='ltr'>snnncrrous</span> <span class='ocrx_word' id='word_1_3' title='bbox 601 417 706 464; x_wconf 75' lang='lat' dir='ltr'>anon</span> <span class='ocrx_word' id='word_1_4' title='bbox 729 417 844 464; x_wconf 75' lang='lat' dir='ltr'>namu</span> <span class='ocrx_word' id='word_1_5' title='bbox 866 417 1056 466; x_wconf 75' lang='lat' dir='ltr'>nunnons.</span> 
     </span>
    </p>
   </div>
   <div class='ocr_carea' id='block_1_2' title="bbox 184 585 1300 2810">
    <p class='ocr_par' dir='ltr' id='par_1_2' title="bbox 184 585 1300 2810">
     <span class='ocr_line' id='line_1_2' title="bbox 237 585 1235 664; baseline 0.001 -18"><span class='ocrx_word' id='word_1_6' title='bbox 237 588 352 646; x_wconf 92' lang='lat' dir='ltr'>turbati</span> <span class='ocrx_word' id='word_1_7' title='bbox 377 588 446 661; x_wconf 90' lang='lat' dir='ltr'>equi</span> <span class='ocrx_word' id='word_1_8' title='bbox 475 606 536 644; x_wconf 93' lang='lat' dir='ltr'>non</span> <span class='ocrx_word' id='word_1_9' title='bbox 564 587 594 644; x_wconf 93' lang='lat' dir='ltr'>iu</span> <span class='ocrx_word' id='word_1_10' title='bbox 620 587 783 664; x_wconf 84' lang='lat' dir='ltr'>voragines</span> <span class='ocrx_word' id='word_1_11' title='bbox 808 589 900 645; x_wconf 80' lang='lat' dir='ltr'>modo</span> <span class='ocrx_word' id='word_1_12' title='bbox 928 585 1145 663; x_wconf 89' lang='lat' dir='ltr'>¹lacunasque,</span> <span class='ocrx_word' id='word_1_13' title='bbox 1175 591 1235 648; x_wconf 88' lang='lat' dir='ltr'>sed</span> 
     </span>
     <span class='ocr_line' id='line_1_3' title="bbox 237 682 1234 759; baseline 0.001 -17"><span class='ocrx_word' id='word_1_14' title='bbox 237 687 328 742; x_wconf 87' lang='lat' dir='ltr'>etiam</span> <span class='ocrx_word' id='word_1_15' title='bbox 357 685 389 741; x_wconf 91' lang='lat' dir='ltr'>in</span> <span class='ocrx_word' id='word_1_16' title='bbox 410 703 529 742; x_wconf 90' lang='lat' dir='ltr'>amnem</span> <span class='ocrx_word' id='word_1_17' title='bbox 551 682 790 759; x_wconf 66' lang='lat' dir='ltr'>praecipitavere</span> <span class='ocrx_word' id='word_1_18' title='bbox 811 685 970 742; x_wconf 88' lang='lat' dir='ltr'>curricula.</span> <span class='ocrx_word' id='word_1_19' title='bbox 1013 687 1108 743; x_wconf 80' lang='lat' dir='ltr'>Pauci</span> <span class='ocrx_word' id='word_1_20' title='bbox 1129 691 1234 744; x_wconf 89' lang='lat' dir='ltr'>tamen</span> 
     </span>
     <span class='ocr_line' id='line_1_4' title="bbox 237 779 1233 856; baseline 0.001 -17"><span class='ocrx_word' id='word_1_21' title='bbox 237 783 371 840; x_wconf 85' lang='lat' dir='ltr'>hostiurn</span> <span class='ocrx_word' id='word_1_22' title='bbox 406 782 474 839; x_wconf 87' lang='lat' dir='ltr'>telis</span> <span class='ocrx_word' id='word_1_23' title='bbox 503 782 605 839; x_wconf 81' lang='lat' dir='ltr'>exacti</span> <span class='ocrx_word' id='word_1_24' title='bbox 640 779 839 856; x_wconf 68' lang='lat' dir='ltr'>penetravere</span> <span class='ocrx_word' id='word_1_25' title='bbox 868 783 908 839; x_wconf 90' lang='lat' dir='ltr'>ad</span> <span class='ocrx_word' id='word_1_26' title='bbox 935 785 1057 854; x_wconf 90' lang='lat' dir='ltr'>Porum,</span> <span class='ocrx_word' id='word_1_27' title='bbox 1088 784 1233 840; x_wconf 75' lang='lat' dir='ltr'>acerrime</span> 
     </span>
     <span class='ocr_line' id='line_1_5' title="bbox 238 880 1231 956; baseline 0.001 -20"><span class='ocrx_word' id='word_1_28' title='bbox 238 899 371 956; x_wconf 89' lang='lat' dir='ltr'>pugnam</span> <span class='ocrx_word' id='word_1_29' title='bbox 393 880 533 937; x_wconf 76' lang='lat' dir='ltr'><strong>cientem.</strong></span> <span class='ocrx_word' id='word_1_30' title='bbox 578 880 622 950; x_wconf 90' lang='lat' dir='ltr'>Is,</span> <span class='ocrx_word' id='word_1_31' title='bbox 639 885 674 936; x_wconf 91' lang='lat' dir='ltr'>ut</span> <span class='ocrx_word' id='word_1_32' title='bbox 694 880 862 953; x_wconf 86' lang='lat' dir='ltr'>dissipatos</span> <span class='ocrx_word' id='word_1_33' title='bbox 883 882 949 938; x_wconf 73' lang='lat' dir='ltr'>tota</span> <span class='ocrx_word' id='word_1_34' title='bbox 970 881 1035 938; x_wconf 89' lang='lat' dir='ltr'>acie</span> <span class='ocrx_word' id='word_1_35' title='bbox 1057 899 1163 938; x_wconf 88' lang='lat' dir='ltr'>currus</span> <span class='ocrx_word' id='word_1_36' title='bbox 1178 899 1231 938; x_wconf 80' lang='lat' dir='ltr'>va-</span> 
     </span>
     <span class='ocr_line' id='line_1_6' title="bbox 205 977 1234 1054; baseline 0 -19"><span class='ocrx_word' id='word_1_37' title='bbox 205 978 309 1054; x_wconf 82' lang='lat' dir='ltr'>5gari</span> <span class='ocrx_word' id='word_1_38' title='bbox 325 978 390 1034; x_wconf 91' lang='lat' dir='ltr'>sine</span> <span class='ocrx_word' id='word_1_39' title='bbox 411 978 581 1034; x_wconf 89' lang='lat' dir='ltr'>rectoribus</span> <span class='ocrx_word' id='word_1_40' title='bbox 602 977 691 1047; x_wconf 86' lang='lat' dir='ltr'>vidit,</span> <span class='ocrx_word' id='word_1_41' title='bbox 714 977 863 1050; x_wconf 85' lang='lat' dir='ltr'>proximis</span> <span class='ocrx_word' id='word_1_42' title='bbox 890 977 1055 1035; x_wconf 88' lang='lat' dir='ltr'>amicorum</span> <span class='ocrx_word' id='word_1_43' title='bbox 1075 977 1234 1035; x_wconf 78' lang='lat' dir='ltr'>distribuit</span> 
     </span>
     <span class='ocr_line' id='line_1_7' title="bbox 238 1076 1233 1151; baseline -0.001 -18"><span class='ocrx_word' id='word_1_44' title='bbox 238 1077 428 1149; x_wconf 82' lang='lat' dir='ltr'>elephantos.</span> <span class='ocrx_word' id='word_1_45' title='bbox 485 1076 563 1132; x_wconf 90' lang='lat' dir='ltr'>Post</span> <span class='ocrx_word' id='word_1_46' title='bbox 590 1092 643 1132; x_wconf 89' lang='lat' dir='ltr'>eos</span> <span class='ocrx_word' id='word_1_47' title='bbox 671 1079 817 1148; x_wconf 88' lang='lat' dir='ltr'>posuerat</span> <span class='ocrx_word' id='word_1_48' title='bbox 844 1076 964 1151; x_wconf 88' lang='lat' dir='ltr'>pedites</span> <span class='ocrx_word' id='word_1_49' title='bbox 991 1093 1029 1132; x_wconf 87' lang='lat' dir='ltr'>ac</span> <span class='ocrx_word' id='word_1_50' title='bbox 1055 1076 1233 1151; x_wconf 79' lang='lat' dir='ltr'>sagittarios</span> 
     </span>
     <span class='ocr_line' id='line_1_8' title="bbox 237 1155 1232 1250; baseline -0.002 -19"><span class='ocrx_word' id='word_1_51' title='bbox 237 1155 385 1250; x_wconf 69' lang='lat' dir='ltr'>tympana</span> <span class='ocrx_word' id='word_1_52' title='bbox 407 1173 529 1247; x_wconf 88' lang='lat' dir='ltr'>pulsare</span> <span class='ocrx_word' id='word_1_53' title='bbox 554 1173 672 1230; x_wconf 89' lang='lat' dir='ltr'>solitos.</span> <span class='ocrx_word' id='word_1_54' title='bbox 716 1172 755 1229; x_wconf 93' lang='lat' dir='ltr'>Id</span> <span class='ocrx_word' id='word_1_55' title='bbox 779 1190 836 1246; x_wconf 88' lang='lat' dir='ltr'>pro</span> <span class='ocrx_word' id='word_1_56' title='bbox 860 1177 953 1230; x_wconf 90' lang='lat' dir='ltr'>cantu</span> <span class='ocrx_word' id='word_1_57' title='bbox 978 1173 1121 1229; x_wconf 89' lang='lat' dir='ltr'>tubarum</span> <span class='ocrx_word' id='word_1_58' title='bbox 1146 1173 1232 1230; x_wconf 89' lang='lat' dir='ltr'>Indis</span> 
     </span>
     <span class='ocr_line' id='line_1_9' title="bbox 237 1270 1233 1344; baseline 0 -16"><span class='ocrx_word' id='word_1_59' title='bbox 237 1277 314 1329; x_wconf 87' lang='lat' dir='ltr'>erat.</span> <span class='ocrx_word' id='word_1_60' title='bbox 357 1271 425 1328; x_wconf 89' lang='lat' dir='ltr'>Nec</span> <span class='ocrx_word' id='word_1_61' title='bbox 446 1270 576 1344; x_wconf 87' lang='lat' dir='ltr'>strepitu</span> <span class='ocrx_word' id='word_1_62' title='bbox 604 1287 708 1327; x_wconf 86' lang='lat' dir='ltr'>eorum</span> <span class='ocrx_word' id='word_1_63' title='bbox 728 1271 940 1342; x_wconf 83' lang='lat' dir='ltr'>movebantur,</span> <span class='ocrx_word' id='word_1_64' title='bbox 962 1270 1035 1326; x_wconf 92' lang='lat' dir='ltr'>olim</span> <span class='ocrx_word' id='word_1_65' title='bbox 1063 1271 1102 1327; x_wconf 92' lang='lat' dir='ltr'>ad</span> <span class='ocrx_word' id='word_1_66' title='bbox 1127 1277 1233 1328; x_wconf 88' lang='lat' dir='ltr'>notum</span> 
     </span>
     <span class='ocr_line' id='line_1_10' title="bbox 238 1364 1234 1444; baseline -0.002 -18"><span class='ocrx_word' id='word_1_67' title='bbox 238 1387 346 1427; x_wconf 89' lang='lat' dir='ltr'>sonum</span> <span class='ocrx_word' id='word_1_68' title='bbox 368 1369 492 1425; x_wconf 91' lang='lat' dir='ltr'>auribus</span> <span class='ocrx_word' id='word_1_69' title='bbox 513 1364 690 1444; x_wconf 77' lang='lat' dir='ltr'>²mitigatis</span> <span class='ocrx_word' id='word_1_70' title='bbox 735 1367 877 1425; x_wconf 88' lang='lat' dir='ltr'>Herculis</span> <span class='ocrx_word' id='word_1_71' title='bbox 905 1367 1100 1424; x_wconf 84' lang='lat' dir='ltr'>simulacrum</span> <span class='ocrx_word' id='word_1_72' title='bbox 1119 1368 1234 1444; x_wconf 88' lang='lat' dir='ltr'>agmini</span> 
     </span>
     <span class='ocr_line' id='line_1_11' title="bbox 185 1464 1234 1541; baseline -0.002 -17"><span class='ocrx_word' id='word_1_73' title='bbox 185 1473 223 1524; x_wconf 87' lang='lat'>10</span> <span class='ocrx_word' id='word_1_74' title='bbox 238 1468 373 1541; x_wconf 86' lang='lat' dir='ltr'>peditum</span> <span class='ocrx_word' id='word_1_75' title='bbox 388 1466 634 1540; x_wconf 79' lang='lat' dir='ltr'>praeferebatnr3</span> <span class='ocrx_word' id='word_1_76' title='bbox 657 1464 688 1522; x_wconf 92' lang='lat' dir='ltr'>id</span> <span class='ocrx_word' id='word_1_77' title='bbox 702 1465 870 1521; x_wconf 85' lang='lat' dir='ltr'>maximum</span> <span class='ocrx_word' id='word_1_78' title='bbox 881 1470 947 1522; x_wconf 90' lang='lat' dir='ltr'>erat</span> <span class='ocrx_word' id='word_1_79' title='bbox 958 1465 1144 1522; x_wconf 84' lang='lat' dir='ltr'>bellantibus</span> <span class='ocrx_word' id='word_1_80' title='bbox 1158 1466 1234 1523; x_wconf 91' lang='lat' dir='ltr'>inci·</span> 
     </span>
     <span class='ocr_line' id='line_1_12' title="bbox 239 1562 1234 1639; baseline -0.001 -18"><span class='ocrx_word' id='word_1_81' title='bbox 239 1569 425 1622; x_wconf 78' lang='lat' dir='ltr'>tamentumz</span> <span class='ocrx_word' id='word_1_82' title='bbox 458 1568 489 1620; x_wconf 90' lang='lat' dir='ltr'>et</span> <span class='ocrx_word' id='word_1_83' title='bbox 516 1562 713 1619; x_wconf 60' lang='lat' dir='ltr'>*deseruisse</span> <span class='ocrx_word' id='word_1_84' title='bbox 740 1568 901 1638; x_wconf 80' lang='lat' dir='ltr'>gestantes</span> <span class='ocrx_word' id='word_1_85' title='bbox 928 1562 1059 1619; x_wconf 88' lang='lat' dir='ltr'>militare</span> <span class='ocrx_word' id='word_1_86' title='bbox 1085 1563 1234 1639; x_wconf 84' lang='lat' dir='ltr'>flagitium</span> 
     </span>
     <span class='ocr_line' id='line_1_13' title="bbox 237 1657 1234 1734; baseline -0.001 -16"><span class='ocrx_word' id='word_1_87' title='bbox 237 1663 416 1719; x_wconf 80' lang='lat' dir='ltr'>habebatur.</span> <span class='ocrx_word' id='word_1_88' title='bbox 461 1660 579 1734; x_wconf 85' lang='lat' dir='ltr'>Capitis</span> <span class='ocrx_word' id='word_1_89' title='bbox 599 1660 691 1716; x_wconf 86' lang='lat' dir='ltr'>etiarn</span> <span class='ocrx_word' id='word_1_90' title='bbox 705 1657 890 1716; x_wconf 76' lang='lat' dir='ltr'>³sauxerant</span> <span class='ocrx_word' id='word_1_91' title='bbox 910 1678 1041 1734; x_wconf 93' lang='lat' dir='ltr'>poenam</span> <span class='ocrx_word' id='word_1_92' title='bbox 1059 1660 1108 1728; x_wconf 90' lang='lat' dir='ltr'>iis,</span> <span class='ocrx_word' id='word_1_93' title='bbox 1124 1661 1176 1734; x_wconf 91' lang='lat' dir='ltr'>qui</span> <span class='ocrx_word' id='word_1_94' title='bbox 1193 1678 1234 1718; x_wconf 86' lang='lat' dir='ltr'>ex</span> 
     </span>
     <span class='ocr_line' id='line_1_14' title="bbox 238 1756 1234 1831; baseline -0.001 -16"><span class='ocrx_word' id='word_1_95' title='bbox 238 1760 303 1816; x_wconf 91' lang='lat' dir='ltr'>acie</span> <span class='ocrx_word' id='word_1_96' title='bbox 324 1776 385 1815; x_wconf 93' lang='lat' dir='ltr'>non</span> <span class='ocrx_word' id='word_1_97' title='bbox 406 1759 601 1826; x_wconf 81' lang='lat' dir='ltr'>retulissent3</span> <span class='ocrx_word' id='word_1_98' title='bbox 625 1762 719 1827; x_wconf 89' lang='lat' dir='ltr'>metu,</span> <span class='ocrx_word' id='word_1_99' title='bbox 738 1775 829 1830; x_wconf 90' lang='lat' dir='ltr'>quem</span> <span class='ocrx_word' id='word_1_100' title='bbox 849 1775 890 1814; x_wconf 89' lang='lat' dir='ltr'>ex</span> <span class='ocrx_word' id='word_1_101' title='bbox 903 1756 956 1814; x_wconf 92' lang='lat' dir='ltr'>illo</span> <span class='ocrx_word' id='word_1_102' title='bbox 978 1758 1065 1814; x_wconf 85' lang='lat' dir='ltr'>hoste</span> <span class='ocrx_word' id='word_1_103' title='bbox 1079 1759 1234 1831; x_wconf 89' lang='lat' dir='ltr'>quondam</span> 
     </span>
     <span class='ocr_line' id='line_1_15' title="bbox 238 1854 1233 1930; baseline -0.002 -16"><span class='ocrx_word' id='word_1_104' title='bbox 238 1861 452 1930; x_wconf 90' lang='lat' dir='ltr'>conceperant,</span> <span class='ocrx_word' id='word_1_105' title='bbox 476 1855 568 1914; x_wconf 89' lang='lat' dir='ltr'>etiam</span> <span class='ocrx_word' id='word_1_106' title='bbox 596 1854 627 1912; x_wconf 91' lang='lat' dir='ltr'>in</span> <span class='ocrx_word' id='word_1_107' title='bbox 656 1856 833 1929; x_wconf 88' lang='lat' dir='ltr'>religionem</span> <span class='ocrx_word' id='word_1_108' title='bbox 853 1856 1140 1929; x_wconf 86' lang='lat' dir='ltr'>venerationemque</span> <span class='ocrx_word' id='word_1_109' title='bbox 1162 1874 1233 1913; x_wconf 91' lang='lat' dir='ltr'>eon-</span> 
     </span>
     <span class='ocr_line' id='line_1_16' title="bbox 185 1952 1235 2028; baseline -0.003 -17"><span class='ocrx_word' id='word_1_110' title='bbox 185 1962 221 2011; x_wconf 80' lang='lat'>15</span> <span class='ocrx_word' id='word_1_111' title='bbox 238 1972 338 2011; x_wconf 89' lang='lat' dir='ltr'>verso.</span> <span class='ocrx_word' id='word_1_112' title='bbox 382 1954 572 2012; x_wconf 88' lang='lat' dir='ltr'>Macedonas</span> <span class='ocrx_word' id='word_1_113' title='bbox 588 1971 650 2010; x_wconf 92' lang='lat' dir='ltr'>non</span> <span class='ocrx_word' id='word_1_114' title='bbox 667 1953 827 2009; x_wconf 87' lang='lat' dir='ltr'>beluarum</span> <span class='ocrx_word' id='word_1_115' title='bbox 840 1954 943 2022; x_wconf 85' lang='lat' dir='ltr'>modb,</span> <span class='ocrx_word' id='word_1_116' title='bbox 961 1953 1123 2028; x_wconf 74' lang='lat' dir='ltr'>sedetiam</span> <span class='ocrx_word' id='word_1_117' title='bbox 1137 1952 1235 2026; x_wconf 88' lang='lat' dir='ltr'>ipsius</span> 
     </span>
     <span class='ocr_line' id='line_1_17' title="bbox 237 2050 1234 2127; baseline 0 -19"><span class='ocrx_word' id='word_1_118' title='bbox 237 2052 330 2127; x_wconf 85' lang='lat' dir='ltr'>Regis</span> <span class='ocrx_word' id='word_1_119' title='bbox 353 2056 495 2125; x_wconf 89' lang='lat' dir='ltr'>aspectus</span> <span class='ocrx_word' id='word_1_120' title='bbox 517 2067 680 2125; x_wconf 85' lang='lat' dir='ltr'>parumper</span> <span class='ocrx_word' id='word_1_121' title='bbox 707 2050 849 2107; x_wconf 88' lang='lat' dir='ltr'>inhibuit.</span> <span class='ocrx_word' id='word_1_122' title='bbox 902 2050 1038 2121; x_wconf 86' lang='lat' dir='ltr'>Belluae,</span> <span class='ocrx_word' id='word_1_123' title='bbox 1066 2051 1234 2125; x_wconf 82' lang='lat' dir='ltr'>dispositae</span> 
     </span>
     <span class='ocr_line' id='line_1_18' title="bbox 237 2147 1234 2223; baseline 0 -17"><span class='ocrx_word' id='word_1_124' title='bbox 237 2149 317 2207; x_wconf 88' lang='lat' dir='ltr'>inter</span> <span class='ocrx_word' id='word_1_125' title='bbox 344 2154 488 2219; x_wconf 89' lang='lat' dir='ltr'>armatos,</span> <span class='ocrx_word' id='word_1_126' title='bbox 520 2148 653 2223; x_wconf 84' lang='lat' dir='ltr'>speciem</span> <span class='ocrx_word' id='word_1_127' title='bbox 681 2147 809 2205; x_wconf 85' lang='lat' dir='ltr'>turrium</span> <span class='ocrx_word' id='word_1_128' title='bbox 837 2147 943 2222; x_wconf 87' lang='lat' dir='ltr'>procul</span> <span class='ocrx_word' id='word_1_129' title='bbox 966 2148 1116 2206; x_wconf 79' lang='lat' dir='ltr'>fecerant.</span> <span class='ocrx_word' id='word_1_130' title='bbox 1160 2149 1234 2223; x_wconf 89' lang='lat' dir='ltr'>Ipse</span> 
     </span>
     <span class='ocr_line' id='line_1_19' title="bbox 237 2245 1235 2321; baseline 0 -17"><span class='ocrx_word' id='word_1_131' title='bbox 237 2248 334 2305; x_wconf 91' lang='lat' dir='ltr'>Porus</span> <span class='ocrx_word' id='word_1_132' title='bbox 370 2248 520 2304; x_wconf 86' lang='lat' dir='ltr'>humanae</span> <span class='ocrx_word' id='word_1_133' title='bbox 555 2245 776 2321; x_wconf 85' lang='lat' dir='ltr'>magnitudinis</span> <span class='ocrx_word' id='word_1_134' title='bbox 810 2247 1028 2319; x_wconf 85' lang='lat' dir='ltr'>propemodum</span> <span class='ocrx_word' id='word_1_135' title='bbox 1059 2252 1235 2305; x_wconf 83' lang='lat' dir='ltr'>excesserat</span> 
     </span>
     <span class='ocr_line' id='line_1_20' title="bbox 237 2333 1235 2419; baseline 0 -18"><span class='ocrx_word' id='word_1_136' title='bbox 237 2346 376 2402; x_wconf 82' lang='lat' dir='ltr'>formam.</span> <span class='ocrx_word' id='word_1_137' title='bbox 441 2342 650 2419; x_wconf 87' lang='lat' dir='ltr'>Magnitudini</span> <span class='ocrx_word' id='word_1_138' title='bbox 686 2342 819 2415; x_wconf 88' lang='lat' dir='ltr'>adjicere</span> <span class='ocrx_word' id='word_1_139' title='bbox 847 2343 1012 2400; x_wconf 79' lang='lat' dir='ltr'>videbatur</span> <span class='ocrx_word' id='word_1_140' title='bbox 1042 2333 1144 2415; x_wconf 81' lang='lat' dir='ltr'>belua,</span> <span class='ocrx_word' id='word_1_141' title='bbox 1174 2347 1235 2417; x_wconf 72' lang='lat' dir='ltr'>qua</span> 
     </span>
     <span class='ocr_line' id='line_1_21' title="bbox 184 2440 1235 2514; baseline -0.001 -14"><span class='ocrx_word' id='word_1_142' title='bbox 184 2442 416 2511; x_wconf 80' lang='lat' dir='ltr'>advehebatur,</span> <span class='ocrx_word' id='word_1_143' title='bbox 433 2445 553 2497; x_wconf 90' lang='lat' dir='ltr'>tantum</span> <span class='ocrx_word' id='word_1_144' title='bbox 573 2440 653 2497; x_wconf 90' lang='lat' dir='ltr'>inter</span> <span class='ocrx_word' id='word_1_145' title='bbox 674 2444 811 2497; x_wconf 88' lang='lat' dir='ltr'>caeteras</span> <span class='ocrx_word' id='word_1_146' title='bbox 833 2440 981 2511; x_wconf 74' lang='lat' dir='ltr'>eminenS,</span> <span class='ocrx_word' id='word_1_147' title='bbox 997 2448 1146 2514; x_wconf 90' lang='lat' dir='ltr'>quantum</span> <span class='ocrx_word' id='word_1_148' title='bbox 1166 2442 1235 2499; x_wconf 87' lang='lat' dir='ltr'>aliis</span> 
     </span>
     <span class='ocr_line' id='line_1_22' title="bbox 237 2538 505 2614; baseline -0.015 -17"><span class='ocrx_word' id='word_1_149' title='bbox 237 2541 303 2614; x_wconf 88' lang='lat' dir='ltr'>ipse</span> <span class='ocrx_word' id='word_1_150' title='bbox 318 2538 505 2613; x_wconf 86' lang='lat' dir='ltr'>praestabat.</span> 
     </span>
     <span class='ocr_line' id='line_1_23' title="bbox 278 2633 1234 2716; baseline 0.002 -24"><span class='ocrx_word' id='word_1_151' title='bbox 278 2638 327 2716; x_wconf 65' lang='lat'>42.</span> <span class='ocrx_word' id='word_1_152' title='bbox 357 2636 466 2708; x_wconf 91' lang='lat' dir='ltr'>Itaque</span> <span class='ocrx_word' id='word_1_153' title='bbox 501 2633 681 2691; x_wconf 84' lang='lat' dir='ltr'>Alexander</span> <span class='ocrx_word' id='word_1_154' title='bbox 715 2634 939 2708; x_wconf 87' lang='lat' dir='ltr'>contemplatus</span> <span class='ocrx_word' id='word_1_155' title='bbox 978 2640 1009 2692; x_wconf 89' lang='lat' dir='ltr'>et</span> <span class='ocrx_word' id='word_1_156' title='bbox 1044 2636 1170 2711; x_wconf 87' lang='lat' dir='ltr'>Regem,</span> <span class='ocrx_word' id='word_1_157' title='bbox 1201 2640 1234 2694; x_wconf 86' lang='lat' dir='ltr'>et</span> 
     </span>
     <span class='ocr_line' id='line_1_24' title="bbox 238 2731 1300 2810; baseline -0.001 -19"><span class='ocrx_word' id='word_1_158' title='bbox 238 2752 345 2810; x_wconf 83' lang='lat' dir='ltr'>agmen</span> <span class='ocrx_word' id='word_1_159' title='bbox 376 2732 533 2801; x_wconf 89' lang='lat' dir='ltr'>Indorum,</span> <span class='ocrx_word' id='word_1_160' title='bbox 559 2731 766 2801; x_wconf 71' lang='lat' dir='ltr'>“Tandem&#39;&#39;</span> <span class='ocrx_word' id='word_1_161' title='bbox 788 2731 898 2805; x_wconf 87' lang='lat' dir='ltr'>inquit,</span> <span class='ocrx_word' id='word_1_162' title='bbox 922 2736 943 2766; x_wconf 85' lang='grc'>“</span> <span class='ocrx_word' id='word_1_163' title='bbox 955 2750 1013 2806; x_wconf 88' lang='lat' dir='ltr'>par</span> <span class='ocrx_word' id='word_1_164' title='bbox 1038 2734 1143 2790; x_wconf 89' lang='lat' dir='ltr'>animo</span> <span class='ocrx_word' id='word_1_165' title='bbox 1164 2751 1234 2790; x_wconf 89' lang='lat' dir='ltr'>meo</span> <span class='ocrx_word' id='word_1_166' title='bbox 1294 2795 1300 2799; x_wconf 62' lang='grc'>,</span> 
     </span>
    </p>
   </div>
   <div class='ocr_carea' id='block_1_3' title="bbox 184 2827 1233 2996">
    <p class='ocr_par' dir='ltr' id='par_1_3' title="bbox 184 2827 1233 2996">
     <span class='ocr_line' id='line_1_25' title="bbox 237 2827 1233 2906; baseline -0.001 -18"><span class='ocrx_word' id='word_1_167' title='bbox 237 2830 403 2905; x_wconf 89' lang='lat' dir='ltr'>periculum</span> <span class='ocrx_word' id='word_1_168' title='bbox 417 2829 516 2886; x_wconf 88' lang='lat' dir='ltr'>video.</span> <span class='ocrx_word' id='word_1_169' title='bbox 559 2827 636 2885; x_wconf 85' lang='lat' dir='ltr'>Cum</span> <span class='ocrx_word' id='word_1_170' title='bbox 650 2828 757 2885; x_wconf 88' lang='lat' dir='ltr'>bestiis</span> <span class='ocrx_word' id='word_1_171' title='bbox 773 2828 863 2885; x_wconf 88' lang='lat' dir='ltr'>simul</span> <span class='ocrx_word' id='word_1_172' title='bbox 877 2834 909 2885; x_wconf 87' lang='lat' dir='ltr'>et</span> <span class='ocrx_word' id='word_1_173' title='bbox 930 2847 998 2886; x_wconf 87' lang='lat' dir='ltr'>enm</span> <span class='ocrx_word' id='word_1_174' title='bbox 1014 2830 1146 2906; x_wconf 84' lang='lat' dir='ltr'>egregiis</span> <span class='ocrx_word' id='word_1_175' title='bbox 1158 2831 1233 2888; x_wconf 90' lang='lat' dir='ltr'>viris</span> 
     </span>
     <span class='ocr_line' id='line_1_26' title="bbox 184 2918 1230 2996; baseline -0.003 -15"><span class='ocrx_word' id='word_1_176' title='bbox 184 2931 221 2981; x_wconf 81' lang='lat'>25</span> <span class='ocrx_word' id='word_1_177' title='bbox 237 2940 286 2979; x_wconf 89' lang='lat' dir='ltr'>res</span> <span class='ocrx_word' id='word_1_178' title='bbox 314 2919 394 2978; x_wconf 88' lang='lat' dir='ltr'>est.&#39;&#39;</span> <span class='ocrx_word' id='word_1_179' title='bbox 435 2920 623 2993; x_wconf 89' lang='lat' dir='ltr'>Intuensque</span> <span class='ocrx_word' id='word_1_180' title='bbox 663 2918 802 2989; x_wconf 89' lang='lat' dir='ltr'>Coenum,</span> <span class='ocrx_word' id='word_1_181' title='bbox 844 2919 955 2978; x_wconf 81' lang='lat' dir='ltr'>“Cum</span> <span class='ocrx_word' id='word_1_182' title='bbox 992 2921 1082 2996; x_wconf 89' lang='lat' dir='ltr'>eg0,&#39;&#39;</span> <span class='ocrx_word' id='word_1_183' title='bbox 1121 2922 1230 2994; x_wconf 89' lang='lat' dir='ltr'>inquit,</span> 
     </span>
    </p>
   </div>
   <div class='ocr_carea' id='block_1_4' title="bbox 139 3016 1233 3501">
    <p class='ocr_par' dir='ltr' id='par_1_4' title="bbox 139 3016 1232 3388">
     <span class='ocr_line' id='line_1_27' title="bbox 139 3016 1232 3091; baseline 0 -16"><span class='ocrx_word' id='word_1_184' title='bbox 139 3028 142 3033; x_wconf 79' lang='grc'><strong>’</strong></span> <span class='ocrx_word' id='word_1_185' title='bbox 239 3025 260 3053; x_wconf 85' lang='grc'>“</span> <span class='ocrx_word' id='word_1_186' title='bbox 273 3018 460 3088; x_wconf 88' lang='lat' dir='ltr'>Ptolemaeo,</span> <span class='ocrx_word' id='word_1_187' title='bbox 484 3017 700 3089; x_wconf 75' lang='lat' dir='ltr'>Perdiccaque,</span> <span class='ocrx_word' id='word_1_188' title='bbox 718 3021 749 3073; x_wconf 88' lang='lat' dir='ltr'>et</span> <span class='ocrx_word' id='word_1_189' title='bbox 763 3016 995 3091; x_wconf 89' lang='lat' dir='ltr'>Hephaestione</span> <span class='ocrx_word' id='word_1_190' title='bbox 1010 3018 1184 3088; x_wconf 78' lang='lat' dir='ltr'>comitatuS,</span> <span class='ocrx_word' id='word_1_191' title='bbox 1201 3019 1232 3075; x_wconf 92' lang='lat' dir='ltr'>in</span> 
     </span>
     <span class='ocr_line' id='line_1_28' title="bbox 235 3115 1232 3189; baseline -0.001 -15"><span class='ocrx_word' id='word_1_192' title='bbox 235 3117 356 3174; x_wconf 86' lang='lat' dir='ltr'>laevum</span> <span class='ocrx_word' id='word_1_193' title='bbox 374 3116 506 3173; x_wconf 87' lang='lat' dir='ltr'>hostiurn</span> <span class='ocrx_word' id='word_1_194' title='bbox 526 3134 619 3173; x_wconf 91' lang='lat' dir='ltr'>cornu</span> <span class='ocrx_word' id='word_1_195' title='bbox 641 3116 787 3188; x_wconf 90' lang='lat' dir='ltr'>impetum</span> <span class='ocrx_word' id='word_1_196' title='bbox 810 3115 923 3185; x_wconf 90' lang='lat' dir='ltr'>fecero,</span> <span class='ocrx_word' id='word_1_197' title='bbox 940 3116 1113 3189; x_wconf 85' lang='lat' dir='ltr'>viderisque</span> <span class='ocrx_word' id='word_1_198' title='bbox 1132 3134 1180 3173; x_wconf 92' lang='lat' dir='ltr'>me</span> <span class='ocrx_word' id='word_1_199' title='bbox 1201 3116 1232 3173; x_wconf 94' lang='lat' dir='ltr'>in</span> 
     </span>
     <span class='ocr_line' id='line_1_29' title="bbox 236 3212 1232 3286; baseline -0.002 -14"><span class='ocrx_word' id='word_1_200' title='bbox 236 3215 337 3272; x_wconf 88' lang='lat' dir='ltr'>medio</span> <span class='ocrx_word' id='word_1_201' title='bbox 359 3214 466 3271; x_wconf 88' lang='lat' dir='ltr'>ardore</span> <span class='ocrx_word' id='word_1_202' title='bbox 484 3212 669 3283; x_wconf 88' lang='lat' dir='ltr'>certaminis,</span> <span class='ocrx_word' id='word_1_203' title='bbox 686 3213 753 3286; x_wconf 90' lang='lat' dir='ltr'>ipse</span> <span class='ocrx_word' id='word_1_204' title='bbox 774 3213 917 3270; x_wconf 83' lang='lat' dir='ltr'>dextrum</span> <span class='ocrx_word' id='word_1_205' title='bbox 932 3231 1031 3281; x_wconf 90' lang='lat' dir='ltr'>move,</span> <span class='ocrx_word' id='word_1_206' title='bbox 1048 3220 1080 3269; x_wconf 88' lang='lat' dir='ltr'>et</span> <span class='ocrx_word' id='word_1_207' title='bbox 1100 3214 1232 3270; x_wconf 88' lang='lat' dir='ltr'>turbatis</span> 
     </span>
     <span class='ocr_line' id='line_1_30' title="bbox 237 3310 1231 3388; baseline -0.002 -20"><span class='ocrx_word' id='word_1_208' title='bbox 237 3313 325 3388; x_wconf 83' lang='lat' dir='ltr'>signa</span> <span class='ocrx_word' id='word_1_209' title='bbox 338 3312 429 3369; x_wconf 81' lang='lat' dir='ltr'>infer.</span> <span class='ocrx_word' id='word_1_210' title='bbox 473 3312 532 3379; x_wconf 88' lang='lat' dir='ltr'>Tu,</span> <span class='ocrx_word' id='word_1_211' title='bbox 545 3310 729 3386; x_wconf 84' lang='lat' dir='ltr'>Antigenes,</span> <span class='ocrx_word' id='word_1_212' title='bbox 742 3315 773 3368; x_wconf 91' lang='lat' dir='ltr'>et</span> <span class='ocrx_word' id='word_1_213' title='bbox 785 3316 819 3366; x_wconf 92' lang='lat' dir='ltr'>tu</span> <span class='ocrx_word' id='word_1_214' title='bbox 834 3311 981 3380; x_wconf 87' lang='lat' dir='ltr'>Leonate,</span> <span class='ocrx_word' id='word_1_215' title='bbox 995 3318 1025 3367; x_wconf 85' lang='lat' dir='ltr'>et</span> <span class='ocrx_word' id='word_1_216' title='bbox 1039 3311 1173 3378; x_wconf 88' lang='lat' dir='ltr'>Tauron,</span> <span class='ocrx_word' id='word_1_217' title='bbox 1188 3312 1231 3367; x_wconf 90' lang='lat' dir='ltr'>in-</span> 
     </span>
    </p>

    <p class='ocr_par' dir='ltr' id='par_1_5' title="bbox 184 3408 1233 3501">
     <span class='ocr_line' id='line_1_31' title="bbox 184 3408 1233 3501; baseline -0.001 -35"><span class='ocrx_word' id='word_1_218' title='bbox 184 3417 221 3467; x_wconf 86' lang='lat'>30</span> <span class='ocrx_word' id='word_1_219' title='bbox 236 3410 388 3466; x_wconf 90' lang='lat' dir='ltr'>vehemini</span> <span class='ocrx_word' id='word_1_220' title='bbox 403 3410 433 3465; x_wconf 92' lang='lat' dir='ltr'>in</span> <span class='ocrx_word' id='word_1_221' title='bbox 448 3408 579 3465; x_wconf 87' lang='lat' dir='ltr'>mediam</span> <span class='ocrx_word' id='word_1_222' title='bbox 594 3409 700 3476; x_wconf 88' lang='lat' dir='ltr'>aciem,</span> <span class='ocrx_word' id='word_1_223' title='bbox 717 3412 749 3464; x_wconf 90' lang='lat' dir='ltr'>et</span> <span class='ocrx_word' id='word_1_224' title='bbox 764 3409 1068 3501; x_wconf 36' lang='lat' dir='ltr'>urgebitiscfrontem.</span> <span class='ocrx_word' id='word_1_225' title='bbox 1113 3410 1233 3465; x_wconf 85' lang='lat' dir='ltr'>Hastae</span> 
     </span>
    </p>
   </div>
   <div class='ocr_carea' id='block_1_5' title="bbox 182 3578 1231 3647">
    <p class='ocr_par' dir='ltr' id='par_1_6' title="bbox 182 3578 1231 3647">
     <span class='ocr_line' id='line_1_32' title="bbox 182 3578 1231 3647; baseline -0.002 -14"><span class='ocrx_word' id='word_1_226' title='bbox 182 3584 215 3633; x_wconf 84' lang='lat' dir='ltr'>A.</span> <span class='ocrx_word' id='word_1_227' title='bbox 234 3578 435 3631; x_wconf 79' lang='lat' dir='ltr'>Deseruisso&#39;eos</span> <span class='ocrx_word' id='word_1_228' title='bbox 447 3589 579 3644; x_wconf 88' lang='lat' dir='ltr'>gestantes</span> <span class='ocrx_word' id='word_1_229' title='bbox 592 3581 797 3647; x_wconf 79' lang='lat' dir='ltr'>(simulacrum),</span> <span class='ocrx_word' id='word_1_230' title='bbox 807 3582 956 3631; x_wconf 87' lang='lat' dir='ltr'>habebatur</span> <span class='ocrx_word' id='word_1_231' title='bbox 967 3583 1081 3630; x_wconf 89' lang='lat' dir='ltr'>militare</span> <span class='ocrx_word' id='word_1_232' title='bbox 1093 3582 1231 3643; x_wconf 87' lang='lat' dir='ltr'>flagitium.</span> 
     </span>
    </p>
   </div>
   <div class='ocr_carea' id='block_1_6' title="bbox 248 3737 1165 3887">
    <p class='ocr_par' dir='ltr' id='par_1_7' title="bbox 248 3737 1165 3887">
     <span class='ocr_line' id='line_1_33' title="bbox 248 3737 1165 3804; baseline 0.001 -15"><span class='ocrx_word' id='word_1_233' title='bbox 248 3740 258 3774; x_wconf 83' lang='lat'>¹</span> <span class='ocrx_word' id='word_1_234' title='bbox 271 3741 379 3789; x_wconf 88' lang='lat' dir='ltr'>lacunas</span> <span class='ocrx_word' id='word_1_235' title='bbox 394 3742 500 3804; x_wconf 80' lang='lat' dir='ltr'>(lacus),</span> <span class='ocrx_word' id='word_1_236' title='bbox 517 3739 591 3803; x_wconf 84' lang='lat' dir='ltr'>pools¹</span> <span class='ocrx_word' id='word_1_237' title='bbox 730 3737 888 3802; x_wconf 65' lang='lat' dir='ltr'>&#39;mitigatis</span> <span class='ocrx_word' id='word_1_238' title='bbox 901 3742 991 3789; x_wconf 77' lang='lat' dir='ltr'>beconw</span> <span class='ocrx_word' id='word_1_239' title='bbox 1006 3741 1165 3790; x_wconf 82' lang='lat' dir='ltr'>aecastomed.</span> 
     </span>
     <span class='ocr_line' id='line_1_34' title="bbox 444 3821 869 3887; baseline -0.002 -16"><span class='ocrx_word' id='word_1_240' title='bbox 444 3823 455 3855; x_wconf 81' lang='lat'>³</span> <span class='ocrx_word' id='word_1_241' title='bbox 468 3829 618 3882; x_wconf 83' lang='lat' dir='ltr'>sanxerunt,</span> <span class='ocrx_word' id='word_1_242' title='bbox 630 3822 683 3887; x_wconf 79' lang='lat' dir='ltr'>they</span> <span class='ocrx_word' id='word_1_243' title='bbox 695 3821 747 3870; x_wconf 70' lang='lat' dir='ltr'>aad</span> <span class='ocrx_word' id='word_1_244' title='bbox 758 3821 869 3870; x_wconf 80' lang='lat' dir='ltr'>decreed.</span> 
     </span>
    </p>
   </div>
   <div class='ocr_carea' id='block_1_7' title="bbox 0 0 1414 4300">
    <p class='ocr_par' dir='ltr' id='par_1_8' title="bbox 0 0 1414 4300">
     <span class='ocr_line' id='line_1_35' title="bbox 0 0 1414 4300; baseline 0 0"><span class='ocrx_word' id='word_1_245' title='bbox 0 0 1414 4300; x_wconf 95' lang='lat' dir='ltr'> </span> 
     </span>
    </p>
   </div>
  </div>
 </body>
</html>
