2817 4300
980 97 986 122 t

927 181 943 206 ὦ·

175 361 239 425 162
356 378 574 431 sunncrrous
597 379 700 426 raone
723 379 836 425 carm
859 378 1044 426 nurnons.

176 554 314 624 agerent,
339 549 468 606 Latinus
493 567 547 606 rex
572 549 830 624 Aboriginesque,
854 550 905 622 qui
934 555 997 606 tum
1021 567 1057 606 ea
1080 551 1232 608 tenebant

174 646 253 711 loca,
271 646 310 703 ad
325 647 488 703 arcendam
502 645 563 703 vim
580 647 765 702 advenarum
777 647 884 702 armati
900 665 939 702 ex
951 647 1024 702 urbe
1040 652 1130 720 atque
1146 649 1231 724 agris

176 749 372 801 concurrunt.
416 742 536 800 Proelio
557 744 658 801 victus
681 743 809 800 Latinus
832 761 938 817 pacem
955 762 1023 800 cum
1039 745 1159 814 Aenea,
1177 746 1231 802 de-

176 841 246 898 inde
262 841 440 898 affinitatem
454 840 568 913 junxit,
582 841 644 897 iilia
659 841 687 897 ei
702 841 732 898 in
748 841 973 897 matrimonium
988 843 1072 898 data.
1116 843 1164 898 Ea
1179 861 1230 900 res

175 939 317 1013 Trojanis
332 957 419 1012 spem
440 939 571 996 affirmat
590 939 716 996 tandem
738 938 840 995 stabili
857 943 1000 1010 certaque
1016 939 1087 996 sede
1102 939 1230 996 finiendi

176 1037 296 1094 erroris.
340 1034 496 1110 Oppidum
510 1037 655 1093 condunt.
696 1035 822 1092 Aeneas
844 1035 883 1092 ab
906 1035 1027 1092 nomine
1050 1037 1154 1092 uxoris
1170 1038 1229 1094 La·

176 1134 291 1191 vinium
325 1133 471 1207 appellat.
529 1134 619 1190 Brevi
652 1133 731 1190 filius
760 1137 851 1190 natus
886 1137 945 1201 est,
975 1133 1024 1188 cui
1057 1133 1229 1192 Ascanium

175 1235 319 1304 parentes
333 1231 440 1287 dixere
454 1248 577 1287 nomen.

455 1443 504 1498 50.
534 1443 606 1498 Tun
628 1441 737 1500 Gnuns
758 1459 949 1499 wrrrrnnaw.

216 1570 328 1630 Omnia
338 1572 458 1646 experti
469 1572 563 1640 Galli,
574 1573 656 1646 quod
670 1589 718 1629 res
730 1572 813 1629 nulla
824 1579 1024 1642 successerat,
1038 1579 1162 1647 postero
1176 1575 1227 1630 die

176 1670 337 1727 consilium
351 1674 498 1743 ceperunt
511 1688 551 1725 ex
566 1670 680 1742 oppido
695 1670 870 1744 profugere,
887 1671 1028 1726 hortante
1051 1678 1081 1727 et
1098 1671 1227 1744 jubente

175 1766 437 1842 Vercingetorige.
481 1766 520 1823 Id
534 1766 656 1823 silentio
671 1765 771 1823 noctis
786 1767 887 1824 conati
902 1784 962 1823 non
979 1785 1090 1842 magna
1107 1771 1227 1842 jactura

176 1880 297 1921 suorum
310 1882 377 1921 sese
392 1865 554 1920 effecturos
566 1864 743 1938 sperabant,
757 1871 918 1938 propterea
931 1865 1012 1938 quod
1024 1883 1120 1938 neque
1133 1865 1227 1941 longe

176 1961 215 2017 ab
230 1961 343 2034 oppido
358 1966 459 2018 castra
472 1956 735 2036 Vercingetorigis
749 1961 888 2035 aberant,
904 1967 935 2018 et
950 1962 1048 2035 palus,
1066 1979 1142 2034 quae
1158 1981 1227 2036 per·

176 2063 268 2133 petua
299 2058 518 2127 intercedebat,
547 2058 704 2115 Romanos
740 2059 779 2115 ad
814 2059 1035 2132 insequendum
1070 2060 1225 2116 tardabat.

174 2157 306 2230 Jamque
321 2157 380 2214 hoc
393 2156 496 2213 facere
514 2161 606 2213 noctu
628 2158 830 2231 apparabant,
848 2174 938 2229 quum
961 2162 1075 2213 matres
1090 2157 1226 2215 familiae

174 2260 300 2328 repente
327 2254 359 2309 in
387 2253 543 2327 publicum
569 2258 785 2328 procurrerunt
813 2254 980 2326 flentesque
1005 2256 1160 2328 projectae
1186 2256 1227 2312 ad

168 2352 270 2426 ,pedes
282 2369 404 2407 suorum
416 2351 557 2407 omnibus
572 2352 712 2425 precibus
728 2351 891 2425 petierunt,
906 2368 988 2408 nese
1004 2356 1036 2409 et
1049 2370 1226 2409 communes

175 2448 288 2505 liberos
302 2448 443 2505 hostibus
464 2449 504 2504 ad
525 2449 707 2522 supplicium
728 2449 884 2518 dederent,
899 2466 976 2521 quos
992 2450 1030 2505 ad
1046 2450 1226 2522 capiendam

175 2531 282 2623 frigam
302 2551 429 2603 naturae
450 2550 482 2602 et
509 2546 618 2602 virium
643 2546 802 2602 infirmitas
823 2546 992 2619 impediret.
1037 2546 1098 2605 Ubi
1119 2565 1172 2603 eos
1193 2547 1226 2604 in

176 2644 328 2700 sententia
363 2648 499 2717 perstare
535 2644 687 2713 viderunt,
714 2644 795 2716 quod
832 2644 1005 2717 plerumque
1042 2643 1072 2700 in
1106 2662 1225 2701 summo

175 2740 310 2815 periculo
325 2740 416 2797 timor
436 2740 673 2797 misericordiam
695 2758 757 2796 non
772 2740 890 2814 recipit,
908 2741 1096 2798 conclamare
1118 2746 1148 2798 et
1163 2742 1225 2818 sig-

175 2838 297 2895 nificare
312 2837 350 2894 de
372 2839 447 2913 fuga
468 2837 615 2893 Romanis
637 2842 813 2911 coeperunt.
858 2837 925 2911 Quo
946 2838 1053 2895 timore
1070 2838 1225 2912 perterriti

175 2934 269 3002 Galli,
293 2952 331 2991 ne
360 2934 398 2990 ab
423 2934 559 3007 equitatu
584 2932 790 2990 Romanorum
818 2934 885 2991 viae
914 2940 1222 3009 praeoccuparentur,

175 3032 303 3089 consilio
318 3031 511 3088 destiterunt.

175 3244 224 3298 51.
269 3243 404 3299 Lamnus
435 3260 511 3300 rsus
540 3260 580 3301 or
600 3261 662 3299 ran
692 3243 835 3300 Tnornns
866 3261 962 3299 ruera
990 3246 1133 3301 Rnnsons
1162 3261 1223 3302 non

631 3338 769 3397 Comus.

257 3477 278 3505 ‘⁴
290 3471 402 3542 Dicite,
419 3471 615 3528 Dardanidae
635 3470 749 3547 (neque
764 3471 845 3528 enirn
860 3473 1012 3530 nescimus
1027 3478 1057 3541 et
1077 3474 1183 3531 urbem

256 3573 287 3625 et
300 3586 408 3642 genus,
426 3569 580 3641 auditique
595 3569 756 3626 advertitis
771 3586 901 3642 aequore
917 3569 1069 3644 cursum),

255 3666 328 3738 quid
342 3664 467 3739 petitis?
508 3666 593 3738 Quae
608 3684 702 3724 causa
716 3671 798 3724 rates
813 3674 866 3724 aut
881 3669 969 3739 cujus
985 3668 1102 3742 egentis

255 3762 327 3818 litus
342 3763 382 3819 ad
396 3762 568 3819 Ausonium
583 3768 632 3821 tot
645 3781 699 3837 per
714 3764 794 3821 vada
808 3764 929 3821 caerula
943 3763 1049 3821 vexit?
