2817 4300
540 341 659 388 sacar
681 342 881 391 manners.
1156 327 1232 404 Ι231

183 529 295 584 susque
310 510 444 568 dimissis
459 511 645 569 exercitibus
660 513 700 570 ad
720 513 824 570 urbem
846 513 955 571 redire.
999 515 1130 588 Propter
1143 531 1235 589 qnam

183 609 325 680 injuriam
341 608 380 664 ab
390 607 543 678 Arimino,
556 610 609 666 ubi
623 609 735 668 milites
751 617 954 687 congregatos
968 613 1113 682 habebat,
1127 613 1234 670 adver-

183 723 251 762 sum
273 706 403 778 patriam
428 723 497 763 cum
522 707 658 765 exercitu
682 707 774 766 venit.
827 707 976 767 Consules
998 728 1066 767 cum
1087 711 1234 784 Pompeio

184 808 370 876 senatusque
384 803 483 860 omnis
499 809 591 878 atque
612 806 756 864 universa
777 806 922 864 nobilitas
945 825 984 865 ex
1005 808 1080 865 urbe
1102 809 1183 884 fugit
1204 813 1236 866 et

184 899 216 955 in
227 898 390 956 Graeciam
399 902 532 959 transiit.
575 903 669 978 Apud
680 904 819 978 Epirum,
831 905 1056 975 Macedoniam,
1070 906 1232 974 Achaiam,

167 996 331 1070 Pompeio
360 999 448 1069 duce,
478 1006 604 1058 senatus
633 1008 740 1059 contra
769 1001 933 1059 Caesarem
960 1003 1073 1060 bellum
1101 1003 1231 1077 paravit.

185 1093 300 1151 Caesar
320 1098 574 1178 vacuamhurbem
596 1099 752 1174 ingressus
774 1100 955 1157 dictatorem
976 1118 1008 1157 se
1030 1101 1113 1157 fecit.
1157 1100 1234 1157 Inde
1307 1153 1312 1162 .

186 1193 354 1266 Hispanias
382 1195 482 1268 petiit.
538 1196 588 1252 Ibi
615 1197 753 1270 Pompeii
785 1197 938 1254 exercitus
967 1196 1172 1254 validissimos
1204 1203 1235 1254 et

185 1291 370 1349 fortissimos
398 1311 466 1350 cum
495 1293 593 1351 tribus
621 1294 761 1363 ducibuS,
792 1294 827 1350 L.
855 1295 999 1364 Afranio,
1027 1294 1072 1351 M.
1100 1295 1232 1365 Petreio,

185 1389 230 1445 M.
244 1389 394 1457 Varrone,
407 1390 572 1464 superavit.
613 1391 691 1448 Inde
706 1408 863 1466 regressus
879 1391 910 1448 in
922 1391 1083 1449 Graeciam
1100 1392 1232 1460 transiit,

186 1487 348 1544 adversum
363 1488 542 1562 Pompeium
556 1488 723 1567 dimicavit.
767 1489 870 1545 Primo
885 1489 1001 1562 proelio
1016 1489 1115 1546 victus
1136 1493 1184 1546 est
1204 1495 1235 1546 et

186 1586 322 1661 fugatus,
347 1587 446 1642 evasit
471 1591 586 1655 tamen,
610 1587 681 1659 quia
706 1591 797 1644 nocte
822 1586 1045 1644 interveniente
1070 1586 1234 1660 Pompeius
1296 1585 1297 1590 ’

186 1684 272 1756 sequi
289 1683 398 1752 noluit,
411 1683 550 1756 dixitque
565 1682 690 1754 Caesar,
704 1701 761 1740 neo
775 1684 954 1758 Pompeium
969 1684 1045 1740 scire
1058 1684 1190 1753 vincere,
1205 1689 1236 1740 et

187 1779 239 1836 illo
260 1786 378 1837 tantum
401 1781 450 1838 die
472 1798 505 1838 se
526 1781 663 1854 potuisse
685 1781 834 1854 superari.
882 1781 1001 1839 Deinde
1023 1781 1053 1837 in
1075 1780 1235 1838 Thessalia

187 1879 268 1951 apud
283 1878 484 1947 Pharsaliam,
498 1879 655 1952 productis
670 1879 821 1950 utrimque
836 1879 1012 1954 ingentibus
1027 1878 1134 1951 copiiS,
1148 1878 1236 1934 dimi-

187 1980 343 2032 caverunt.
388 1976 553 2048 Nunquam
575 1976 674 2032 adhuc
691 1976 847 2032 Romanae
862 1976 968 2049 copiae
984 1975 1015 2032 in
1029 1993 1122 2031 unum
1137 1992 1234 2048 neque

187 2075 329 2146 majores,
353 2090 450 2146 neque
472 2073 645 2130 melioribus
667 2073 795 2130 ducibus
809 2078 1034 2157 convenerant,
1056 2077 1154 2129 totum
1176 2077 1234 2129 ter-

185 2188 288 2227 rarum
301 2172 406 2228 orbem
418 2172 508 2229 facile
520 2172 714 2239 subacturae,
728 2172 754 2228 si
766 2176 872 2228 contra
882 2171 1028 2227 barbaros
1041 2171 1232 2227 ducerentur.

107 2254 110 2257 ⁴
185 2268 360 2345 Pugnatum
369 2274 472 2325 tamen
481 2272 529 2326 est
542 2268 660 2344 ingenti
673 2270 879 2337 contentione,
892 2269 1051 2342 victusque
1064 2269 1103 2325 ad
1118 2273 1235 2342 postre-

186 2384 267 2422 mum
288 2366 452 2439 Pompeius
474 2371 505 2423 et
526 2371 627 2423 castra
649 2367 716 2438 ejus
739 2366 857 2440 direpta
879 2372 960 2423 sunt.
1015 2367 1086 2439 Ipse
1109 2367 1235 2441 fugatus

186 2462 407 2520 Alexandriam
428 2464 527 2538 petiit,
551 2468 585 2520 ut
606 2482 624 2519 a
646 2481 716 2538 rege
738 2464 885 2539 Aegypti,
911 2464 960 2521 cui
982 2468 1064 2520 tutor
1086 2482 1104 2519 a
1126 2468 1235 2521 senatu

186 2562 276 2618 datus
297 2562 399 2617 fuerat
420 2566 546 2635 propter
565 2561 730 2634 juvenilem
745 2562 811 2634 ejus
827 2566 970 2629 aetatem,
988 2561 1139 2634 acciperet
1160 2578 1236 2617 aux·

185 2658 248 2715 ilia.
292 2658 362 2731 Qui,
380 2660 535 2715 fortunam
556 2658 654 2733 magis
675 2676 766 2731 quam
789 2658 952 2715 amicitiam
972 2663 1105 2727 secutus,
1123 2658 1236 2715 occidit

186 2757 376 2830 Pompeium,
406 2762 499 2829 caput
526 2758 591 2829 ejus
619 2760 651 2812 et
678 2756 823 2812 annulum
857 2753 982 2812 Caesari
1016 2756 1108 2811 misit.
1167 2754 1235 2827 Quo

187 2860 362 2927 conspecto,
386 2852 501 2911 Caesar
521 2854 614 2911 etiam
635 2852 776 2910 lacrimas
799 2853 917 2910 fudisse
938 2852 1155 2920 dicitu1·,tauti
1177 2853 1235 2909 viri

186 2951 307 3007 intuens
330 2957 423 3025 caput
446 2957 477 3008 et
498 2951 603 3026 generi
625 2951 779 3023 quondam
803 2950 860 3007 sui.

226 3049 304 3105 Mox
318 3048 434 3106 Caesar
447 3048 670 3105 Alexandriam
685 3048 779 3106 venit.
824 3047 890 3121 Ipsi
905 3061 1024 3120 quoque
1039 3046 1234 3103 Ptolemaeus

186 3165 294 3220 parare
319 3148 415 3205 voluit
439 3146 578 3215 insidias,
605 3163 666 3219 qua
690 3163 784 3203 causa
809 3145 873 3221 regi
895 3144 1007 3201 bellum
1032 3142 1149 3200 illatum
1174 3149 1231 3201 est.

185 3245 294 3302 Victus
309 3246 339 3301 in
355 3245 428 3302 Nilo
442 3245 542 3319 periit,
557 3245 773 3316 inventumque
788 3248 836 3300 est
850 3260 960 3315 corpus
976 3242 1043 3314 ejus
1058 3258 1126 3299 cum
1141 3241 1235 3298 lorica

185 3361 287 3400 aurea.
331 3333 445 3401 Caesar
460 3343 652 3400 Alexandria
666 3342 781 3416 potitus
798 3358 926 3416 regnum
940 3339 1121 3413 Cleopatrae
1137 3339 1232 3408 dedit,

184 3442 352 3499 Ptolemaei
373 3441 481 3498 sorori.
526 3441 660 3498 Rediens
683 3442 753 3497 inde
768 3438 882 3497 Caesar
896 3440 1095 3502 Pharnacem,
1113 3438 1233 3494 Mithri-

184 3540 266 3597 datis
281 3539 388 3614 Magni
399 3538 505 3608 filium,
518 3539 570 3612 qui
584 3538 732 3613 Pompeio
743 3538 774 3595 in
790 3536 935 3595 auxilium
951 3536 1032 3611 apud
1043 3534 1234 3592 Thessaliam

185 3638 297 3700 fuerat,
311 3638 509 3695 rebellantem
523 3638 553 3693 in
565 3637 667 3695 Ponto
678 3641 769 3710 atque
782 3635 892 3692 multas
904 3634 1008 3708 populi
1020 3632 1150 3690 Romani
1166 3650 1234 3706 pro-

185 3734 302 3793 vincias
317 3740 529 3809 occupantem,
545 3734 620 3793 vicit
635 3733 710 3804 acie,
728 3738 760 3791 et
774 3737 881 3807 postea
897 3732 935 3789 ad
951 3736 1078 3789 mortem
1094 3730 1204 3806 coegit.
