2817 4300
445 804 485 877 O.
520 804 544 876 J
546 804 652 876 ULII
687 803 935 879 CAESARIS.

631 1011 768 1036 ψ

498 1182 555 1238 DE
583 1182 720 1239 BELLO
750 1182 822 1239 CIV
823 1183 894 1239 ILI.

334 1343 435 1399 Lmaa
458 1345 586 1412 Parrum,
611 1343 688 1400 Car.
714 1344 797 1412 LVI,
821 1344 922 1413 LVII,
947 1344 1064 1401 LVIII.

211 1591 214 1597 .
315 1509 375 1562 Tlie
390 1507 474 1563 Firct
488 1507 653 1581 Sec-Fiplu
667 1509 699 1562 iu
714 1507 761 1563 ilie
776 1507 863 1581 Sieqe
878 1509 916 1580 of
923 1508 1078 1564 Massilia.

214 1670 295 1725 LVI.
326 1669 409 1727 Dum
423 1670 497 1725 haec
513 1670 552 1725 ad
567 1669 699 1725 Ilerdam
715 1674 872 1744 geruntur,
888 1669 1101 1727 Massilienses
1122 1668 1170 1727 usi

173 1767 209 1823 L.
226 1763 369 1822 1Domitii
385 1765 512 1822 consilio
528 1783 622 1821 naves
637 1765 746 1841 longas
761 1766 931 1839 expediunt
945 1784 1071 1824 numero
1088 1783 1167 1836 xvn,

172 1881 300 1936 quarum
329 1867 416 1919 erant
444 1881 478 1918 x1
507 1867 617 1920 tectae.
670 1862 772 1919 Multa
795 1858 873 1920 ²huc
900 1863 1019 1920 minora
1047 1863 1170 1939 navigia

174 1962 301 2030 addunt,
335 1965 369 2016 ut
402 1960 469 2034 ipsa
500 1959 694 2016 multitudine
728 1965 834 2016 nostra
865 1959 973 2018 classis
1007 1966 1166 2018 terreatur.

173 2059 321 2132 Magnum
337 2075 495 2114 numerum
507 2057 745 2133 sagittariorum,
759 2075 905 2133 magnum
917 2055 1118 2128 ⁸Albicorum‚
1132 2058 1170 2114 de
1206 2065 1223 2113 5

173 2156 283 2229 quibus
299 2174 390 2230 supra
402 2156 643 2212 demonstratum
658 2161 717 2225 est,
730 2156 891 2229 imponunt
906 2161 997 2229 atque
1011 2157 1067 2213 hos
1082 2174 1170 2230 prae·

173 2254 241 2309 miis
266 2252 597 2327 pollicitationibusque
622 2252 762 2309 incitant.
807 2251 915 2310 Certas
944 2252 1003 2309 sibi
1032 2253 1171 2326 deposcit

173 2368 268 2408 naves
293 2350 447 2407 Domitius
473 2354 563 2423 atque
586 2351 641 2406 has
666 2346 799 2407 ⁴colonis
829 2350 1064 2424 pastoribusque
1092 2368 1170 2423 quos

174 2466 277 2506 secum
299 2448 470 2505 adduxerat
491 2446 633 2521 complet.
679 2444 731 2504 Sic
751 2446 893 2503 omnibus
908 2447 999 2503 rebus
1021 2447 1171 2504 instructa

174 2546 271 2603 classe
286 2563 400 2621 magna
414 2544 524 2601 fiducia
540 2545 579 2601 ad
601 2549 723 2601 nostras
746 2562 841 2601 naves
862 2544 1043 2618 procedunt,
1060 2545 1170 2617 quibus
1187 2550 1223 2601 10

173 2647 314 2718 praeerat
341 2643 381 2698 D.
410 2642 533 2698 Brutus.
579 2642 646 2698 Hae
669 2641 709 2697 ad
731 2641 863 2697 insulam
887 2659 965 2715 quac
991 2647 1038 2701 est
1063 2647 1170 2699 contra

173 2740 345 2797 Massiliam
372 2740 520 2795 stationes
543 2727 749 2813 obtinebant.
780 2738 880 2794 LVII.
911 2739 989 2795 Erat
1008 2738 1105 2795 multo
1126 2738 1171 2795 in·

174 2839 268 2895 ferior
291 2855 417 2894 numero
440 2836 563 2893 navium
585 2836 717 2904 Brutus3
749 2836 803 2892 sed
826 2836 940 2893 electos
965 2854 1005 2893 ex
1030 2836 1170 2892 omnibus

172 2935 343 3013 legionibus
367 2933 550 2991 fortissimos
572 2934 665 3002 viros,
688 2929 940 3008 ⁵antesiguanos‚
963 2934 1168 3002 centuriones,

161 3032 288 3104 >Cacsar
302 3033 329 3087 ci
346 3032 436 3106 classi
452 3030 643 3099 attribuerat,
660 3030 712 3102 qui
727 3030 786 3087 sibi
800 3030 832 3086 id
848 3025 998 3086 ⁶muneris
1020 3030 1169 3103 depopos-
1187 3037 1222 3085 15

174 3135 289 3189 serant.
334 3129 376 3185 Hi
390 3125 517 3184 ‘'manus
532 3128 649 3183 ferreas
664 3131 756 3201 atque
774 3128 966 3203 harpagones
988 3130 1172 3201 paraverant

288 3291 298 3325 1
310 3291 430 3350 Domitii,
442 3298 468 3338 oi
480 3287 525 3337 tlu's
535 3292 590 3337 time
602 3307 618 3336 a
627 3291 743 3353 purrison
755 3289 786 3353 of
796 3273 888 3337 Coeaur.

288 3374 362 3422 ²huc
374 3396 397 3414 =
411 3372 445 3420 ad
456 3372 504 3419 has
516 3387 605 3421 naves.

288 3455 300 3489 ⁸
311 3456 475 3513 Albicorum,
488 3471 503 3501 c
517 3454 638 3501 incuntaln
648 3452 732 3517 people
744 3470 803 3502 near
815 3451 942 3501 Massilia.

288 3536 299 3569 ⁴
310 3536 419 3597 colonis,
424 3537 545 3601 formem,
552 3535 722 3600 surm-lunda

288 3620 300 3654 ⁶
312 3620 497 3681 antesignanos
513 3618 585 3680 (ante
596 3626 619 3675 ψ
631 3619 757 3683 signum),
769 3616 930 3667 akirmislaers.

288 3702 435 3761 muneris,
444 3701 560 3765 partitive
571 3700 681 3765 penitius.
1036 3755 1038 3760 Ι

289 3786 405 3835 lmanus
418 3783 517 3833 ferreas
530 3790 609 3843 atque
622 3783 796 3844 harpagones,
806 3781 938 3848 qrapplinq
950 3783 1015 3831 irena
1026 3782 1079 3831 aad
1089 3780 1172 3849 draps.
