2817 4300
196 333 261 398 172
372 348 593 395 sunnorrous
617 348 723 394 raon
747 347 859 393 unam
884 348 1073 396 aurnuns.

276 561 301 581 x
397 519 511 576 Tollat.
555 517 616 575 Hic
630 535 760 594 magnos
775 518 877 592 potius
893 520 1073 593 triumphos,

398 617 458 675 Hic
472 633 556 673 ames
571 615 621 672 dic
635 615 728 672 Pater
742 621 833 688 atque
848 616 1014 690 Princeps:

398 714 467 770 Neu
482 713 566 769 sinas
580 713 691 770 Medos
708 713 844 786 equitare
859 713 984 785 inultos,

597 810 642 867 Te
657 809 745 878 duce,
762 809 885 868 Caesar.

428 1021 477 1078 62.
507 1020 647 1089 Marum,
670 1019 787 1090 Cruun,
810 1038 875 1077 nun
898 1020 1013 1080 Sanan.

238 1153 300 1212 Sed
324 1153 397 1210 dum
422 1149 563 1210 Sullam
587 1149 720 1208 Graecia
745 1155 776 1207 et
800 1151 878 1207 Asia
902 1151 1112 1210 Mithridatem
1138 1154 1248 1226 vincit,

196 1251 327 1320 Marius,
354 1250 407 1325 qui
432 1250 558 1325 fugatus
583 1249 693 1318 fuerat,
722 1253 753 1305 et
778 1247 937 1305 Cornelius
966 1247 1076 1320 Cinna,
1103 1268 1181 1308 unus
1208 1270 1251 1308 ex

197 1348 384 1416 consulibua,
407 1345 520 1403 bellum
541 1345 573 1402 in
594 1345 685 1402 ltalia
706 1351 897 1419 repararunt,
915 1352 946 1402 et
967 1345 1095 1421 ingressi
1118 1347 1250 1405 Romam

197 1444 403 1502 nobilissimos
428 1462 467 1500 ex
496 1449 604 1499 senatu
633 1449 665 1500 et
692 1443 869 1500 consulares
895 1443 977 1500 viros
1006 1444 1248 1516 interfecerunt;

196 1543 308 1600 multos
331 1541 594 1617 proscripserunt,
617 1541 714 1614 ipsius
737 1541 839 1626 Sullae
861 1541 952 1597 domo
974 1559 1092 1611 eversa,
1116 1544 1209 1601 filios·
1217 1551 1251 1602 et
1287 1611 1302 1634 ,

197 1659 324 1699 uxorem
339 1640 378 1697 ad
393 1641 500 1714 fugam
514 1639 735 1714 compulerunt.
780 1639 950 1698 Universus
966 1641 1098 1714 reliquus
1121 1647 1249 1699 senatus

196 1758 236 1796 ex
251 1739 325 1796 urbe
340 1738 462 1814 fugiens
482 1738 521 1794 ad
544 1738 658 1795 Sullam
681 1738 713 1793 in
735 1737 895 1795 Graeciam
911 1739 1007 1809 venit,
1025 1757 1117 1796 orans
1139 1745 1172 1797 ut
1194 1758 1250 1814 pa-

91 1883 98 1898 ,
196 1837 273 1893 triae
291 1835 481 1895 subveniret.
526 1834 611 1892 Sulla
633 1835 663 1891 in
684 1835 808 1892 Italiam
828 1836 959 1909 traJccit,
977 1836 1110 1893 hostium
1132 1838 1249 1894 exerci-

196 1940 246 1992 tus
267 1935 352 2004 uicit,
374 1951 445 1990 mox
470 1932 562 1990 etiam
587 1933 692 1990 urbem
717 1933 875 2008 ingressus
900 1939 957 2002 cst,
982 1951 1074 2006 quam
1098 1935 1191 1992 caede
1217 1941 1250 1992 et

197 2034 346 2107 sanguine
361 2033 472 2090 civium
487 2031 625 2104 replevit.
671 2030 822 2103 Quattuor
837 2031 931 2088 millia
953 2030 1123 2102 inermium,
1140 2032 1192 2105 qui
1214 2051 1248 2090 sc

196 2131 388 2201 dediderant,
406 2129 534 2187 interfici
555 2129 665 2203 jussit3
688 2130 750 2187 duo
765 2129 859 2187 millia
875 2129 1010 2203 equitum
1025 2135 1057 2187 et
1072 2135 1248 2188 serratorum

197 2230 387 2303 proscripsit.
441 2230 520 2285 'lum
545 2229 582 2285 de
609 2228 788 2285 Mithridate
813 2228 1022 2301 triumphavit.
1077 2229 1147 2285 Duo
1171 2229 1248 2285 haec

196 2327 278 2384 bella
299 2326 521 2394 funestissima,
538 2325 691 2394 italicum,
709 2326 789 2399 quod
812 2330 843 2383 ct
864 2325 976 2382 sociale
997 2326 1113 2383 dictum
1134 2316 1192 2395 cs't,
1217 2331 1248 2383 et

197 2424 297 2493 civile,
319 2424 399 2481 ultra
421 2429 541 2482 centum
564 2428 596 2481 et
616 2424 838 2499 quinqua-ginta
860 2424 952 2480 millia
974 2424 1139 2493 hominum,
1163 2423 1246 2481 viros

197 2520 374 2578 consulares
402 2521 513 2596 viginti
545 2526 701 2594 quattuor,
732 2521 901 2595 praetorios
935 2525 1064 2594 septem,
1095 2519 1246 2576 aedilitios
1337 2538 1340 2547 ⁴

198 2618 371 2694 sexaginta,
388 2623 547 2675 senatores
563 2618 627 2675 fere
643 2618 792 2675 ducentos
808 2621 1073 2691 consumpserunt.

429 2830 478 2886 63.
508 2829 579 2885 Tun
600 2830 730 2887 Ravonr
750 2846 789 2887 or
811 2847 872 2885 rua
894 2829 1010 2887 Grues

237 2959 422 3017 Defectione
433 2960 612 3016 Aeduorum
627 2960 749 3035 cognita
760 2959 872 3016 bellum
885 2965 1023 3035 augetur.
1062 2960 1245 3035 Legationes

198 3058 227 3113 in
250 3075 356 3113 omnes
379 3062 481 3131 partes
503 3057 797 3114 circummittuntur:
820 3062 967 3130 quantum
989 3057 1099 3132 gratia,
1116 3058 1246 3113 auctori-

198 3161 273 3225 tate,
303 3155 433 3229 pecunia
461 3156 576 3224 valent,
607 3156 645 3211 ad
674 3155 885 3213 sollicitandas
920 3154 1060 3211 civitates
1095 3155 1243 3211 nituntur.

198 3252 291 3310 Nacti
306 3253 440 3322 obsides,
457 3270 534 3326 quos
549 3251 664 3310 Caesar
679 3253 761 3328 apud
775 3270 828 3309 eos
843 3253 1037 3325 deposuerat,
1055 3252 1162 3308 borum
1176 3270 1246 3325 sup-

148 3356 151 3363 '
199 3350 288 3423 plicio
302 3350 481 3432 dubitantes
496 3350 648 3408 territant.
692 3351 807 3407 Petunt
828 3348 1110 3425 aVercingetorige
1131 3348 1244 3417 Aedui,

198 3450 237 3506 ad
253 3468 285 3506 se
301 3449 405 3506 veniat
419 3450 613 3521 rationesque
628 3447 700 3504 belli
720 3446 846 3523 gerendi
868 3447 1081 3504 communicet.
1126 3446 1171 3503 ue
1193 3446 1246 3501 im·
1317 3492 1319 3497 ,

198 3552 330 3620 patrata,
348 3546 538 3604 contendunt
553 3551 587 3602 ut
604 3545 679 3619 ipsis
701 3563 819 3601 summa
838 3544 955 3617 imperii
977 3545 1135 3613 tradatur;
1157 3550 1199 3612 et,
1216 3562 1246 3599 re

197 3645 230 3701 in
244 3644 484 3702 contmversiam
501 3644 644 3709 deducta,
662 3643 757 3699 totius
780 3641 900 3699 Galliae
922 3641 1083 3699 concilium
1105 3641 1247 3697 Bibracte

198 3740 352 3798 iudicitur.
410 3738 603 3797 Conveniunt
631 3739 765 3811 undique
794 3740 981 3811 frequentes.
1040 3738 1247 3804 Multitudinis
