2817 4300
179 344 242 406 168
354 326 574 405 sannormus
598 359 704 403 raom
728 358 842 402 marm
865 358 1053 406 nurfloras.

260 529 332 586 Non
346 530 464 605 galeae,
481 529 640 586 nonensis
655 535 762 586 erant:
785 529 849 585 sine
864 528 969 584 militis
983 545 1041 584 usu

260 627 368 683 Mollia
383 645 507 684 securae
521 626 712 702 peragebant
725 627 790 683 otia
803 631 921 700 gantae.

260 725 334 798 Ipsa
347 741 467 798 quoque
481 723 622 781 immunis
636 729 795 797 rastroque
810 723 937 792 intacta,
955 741 1011 780 nec
1024 723 1096 782 ullis

261 820 372 881 Saucia
385 821 568 892 vomeribus,
584 839 638 895 per
652 838 685 878 se
700 822 797 878 dabat
810 821 912 878 omnia
926 820 1017 878 tellus
1029 839 1036 888 3

260 917 464 992 Contentique
479 918 567 986 cibis,
584 917 669 975 nullo
683 923 823 994 cogente,
841 917 963 986 creatis,

259 1016 416 1073 Arbuteos
430 1017 542 1085 foetae,
559 1021 764 1088 montanaque
779 1016 869 1090 fraga
882 1015 1035 1090 legebant,

259 1113 434 1186 Cornaque,
448 1119 480 1171 et
493 1113 524 1170 in
539 1114 623 1170 duris
638 1112 796 1170 haerentia
811 1131 896 1169 mora
910 1113 1025 1170 rubetis
1038 1131 1044 1181 ;

259 1213 312 1281 Et,
328 1228 406 1285 quae
420 1211 597 1268 deciderant
610 1210 716 1284 patula
729 1211 750 1267 J
752 1210 818 1267 ovis
833 1210 951 1279 arbore,
967 1209 1106 1286 glandes.

258 1308 323 1366 Ver
336 1314 403 1366 erat
417 1313 592 1377 aeternum3
614 1308 787 1382 placidique
802 1307 978 1381 tepentibus
993 1307 1074 1363 auris

260 1406 441 1463 Mulcebant
455 1405 585 1480 Zephyri
600 1410 690 1461 natos
706 1405 772 1461 sine
787 1404 902 1462 semine
916 1404 1017 1460 fiores.

260 1504 337 1560 Mox
352 1504 444 1560 etiam
458 1503 565 1578 fruges
580 1502 670 1559 tellus
685 1502 806 1558 inarata
820 1503 959 1559 ferebat:

166 1640 170 1652 ι
260 1601 327 1658 Nec
341 1605 506 1658 renovatus
521 1617 594 1674 ager
607 1599 744 1675 gravidis
759 1601 890 1656 canebat
903 1600 1017 1656 aristis.

261 1698 401 1755 Flumina
415 1699 478 1771 Jam
492 1697 594 1766 lactis,
610 1698 674 1769 jam
687 1696 811 1754 fiumina
826 1696 959 1754 nectaris
972 1697 1079 1753 ibant:

261 1795 417 1869 Flavaque
431 1795 470 1852 de
483 1793 574 1852 viridi
588 1794 748 1851 stillabant
761 1794 828 1851 ilice
843 1794 943 1850 mella.

551 1991 600 2045 59.
630 1990 679 2046 Ar
699 1991 856 2045 rmum.

219 2120 299 2179 Tum
321 2118 437 2178 Caesar
457 2124 489 2177 et
509 2119 665 2177 Antonius
687 2121 876 2193 trajecerunt
897 2121 1051 2179 exercitus
1072 2120 1104 2177 in
1127 2121 1233 2178 Mace-

180 2219 304 2277 doniam
319 2223 351 2275 et
375 2218 457 2291 apud
480 2218 585 2274 urbem
607 2217 765 2291 Philippos
788 2236 856 2274 cum
875 2217 921 2273 M.
943 2218 1039 2275 Bruto
1062 2217 1233 2291 Cassioque

181 2319 246 2373 acie
274 2320 502 2387 concurrerunt.
546 2313 660 2384 Cornu,
690 2315 740 2371 cui
767 2315 881 2372 Brutus
910 2320 1061 2388 praeerat,
1091 2315 1231 2389 impulsis

109 2423 114 2432 “
180 2412 331 2481 hostibus,
355 2417 456 2469 castra
481 2410 622 2469 Caesaris
644 2412 743 2485 cepit,
771 2412 801 2468 id
827 2416 939 2481 autem,
963 2412 994 2468 in
1020 2430 1080 2485 quo
1105 2412 1233 2469 Cassius

180 2512 291 2579 fuerat,
307 2510 448 2585 fugatum
463 2509 494 2565 in
514 2509 624 2565 altiora
645 2527 678 2565 se
700 2514 857 2582 receperat
877 2509 954 2566 loca.
996 2509 1075 2566 Tum
1090 2508 1229 2574 Cassius

180 2626 220 2665 ex
242 2626 297 2664 sua
320 2608 443 2663 fortuna
465 2612 608 2663 eventum
630 2606 766 2680 collegae
790 2607 967 2676 aestimans,
992 2606 1115 2663 lacerna
1138 2612 1233 2679 caput

180 2705 379 2764 circumdedit
403 2710 619 2778 extentumque
648 2704 798 2762 cervicem
825 2697 991 2760 interritus
1006 2704 1116 2761 liberto
1144 2722 1231 2778 prae-

179 2804 255 2861 buit.
300 2803 466 2861 Deciderat
486 2800 585 2859 Cassii
607 2806 710 2875 caput,
727 2818 820 2874 qunm
841 2806 987 2859 evocatus
1009 2801 1134 2858 advenit
1153 2820 1230 2857 nun-

180 2902 261 2958 tians
282 2902 410 2970 Brutum
432 2918 499 2958 esse
522 2884 686 2967 victorem
717 2898 769 2973 qui
790 2916 881 2971 quum
907 2899 1120 2973 imperatorem
1145 2917 1230 2972 pros-

179 3003 293 3055 tratum
307 2998 442 3055 videret:
467 3002 488 3031 “
501 2995 650 3070 Sequar,’'
673 2996 783 3069 inquit,
802 3001 822 3029 “
835 3012 914 3063 eum,
932 3012 1022 3068 quem
1036 3013 1104 3053 mea
1117 2995 1231 3053 occidit

179 3096 309 3153 tarditas
321 3095 358 3164 ”3
381 3094 470 3153 etita
484 3095 516 3152 in
530 3093 666 3170 gladium
681 3092 827 3150 incubuit.

447 3314 496 3370 60.
539 3312 611 3369 Tua
632 3311 725 3368 Frnsr
745 3312 845 3369 Punro
866 3312 957 3369 Wan.

219 3444 333 3517 Quinto
354 3461 437 3502 anno
457 3443 529 3502 belli
550 3442 670 3512 Punici,
693 3442 774 3515 quod
800 3447 907 3499 contra
931 3442 1028 3499 Afros
1053 3443 1227 3519 gerebatur,

179 3542 308 3616 primum
329 3541 471 3611 Romani,
491 3540 566 3598 Caio
588 3540 691 3596 Duilio
707 3544 738 3597 et
759 3537 855 3597 Cneio
874 3538 1016 3597 Cornelio
1035 3540 1134 3597 Asino
1157 3558 1230 3597 con-

179 3639 307 3710 sulibua,
324 3640 355 3696 in
369 3640 445 3695 mari
460 3638 691 3704 dimicaverunt,
710 3638 824 3711 paratis
839 3638 968 3696 navibus
984 3639 1135 3707 rostratis,
1152 3656 1229 3711 quas

179 3737 330 3794 Liburnos
356 3742 480 3793 vocant.
524 3734 640 3793 Consul
668 3734 828 3791 Cornelius
850 3736 964 3799 ,fraude
994 3737 1139 3809 deceptus
1168 3741 1227 3793 est.
