2817 4300
159 366 223 431 134
344 383 559 429 sennonteus
582 383 683 430 nucu
706 383 818 430 numu
843 384 1022 432 Auruous.

232 553 418 611 Immortalis
433 551 511 629 ego?
551 553 617 610 Aut
630 554 792 627 quicquam
807 555 880 610 mihi
894 554 981 612 dulce
996 573 1130 612 meorum
1156 570 1161 587 ¹

233 651 355 720 tesino,
373 653 480 721 frater,
497 650 573 708 erit?
615 649 735 724 Oquue
750 652 825 708 satis
841 652 901 708 ime
915 653 1053 710 dehiscet

233 757 315 807 terra
329 749 403 805 mihi
417 749 580 822 Manisque
595 745 700 806 l<team
716 749 856 806 demittet
871 751 908 806 ud
925 748 1038 806 imos?'

160 837 217 904 885
233 848 367 903 Tantum
382 849 476 902 effata
490 852 583 920 caput
596 843 721 922 ²glauoo
736 848 875 904 contexit
889 849 1001 905 amictu

234 944 330 1001 multa
344 961 471 1019 gemens
486 947 517 1000 et
531 961 564 1000 se
579 943 670 1001 fluvio
684 944 743 1001 dea
758 944 895 1001 condidit
909 945 982 1002 alto.

322 1125 448 1182 AEucas
456 1141 577 1198 presses
590 1143 640 1195 oo,
657 1126 720 1181 und
734 1125 806 1182 cotie
819 1125 897 1198 ufler
916 1125 1047 1181 Turnus.

273 1231 399 1288 Aeneas
414 1232 510 1288 instat
523 1237 631 1290 contre
644 1232 797 1305 telumque
812 1237 953 1289 coruscat

234 1329 342 1404 ingens
356 1326 533 1386 3arboreum
547 1334 579 1386 et
592 1347 686 1387 saevo
701 1329 745 1388 sic
760 1336 883 1404 pectore
898 1331 999 1387 fatur:

236 1425 341 1498 ‘Quae
355 1444 436 1484 nuno
450 1426 560 1484 deinde
575 1444 660 1484 mora
674 1425 743 1484 est?
783 1429 849 1484 Aut
861 1427 934 1500 quid
949 1428 1147 1498 iamtTurne,

274 1522 444 1581 retractas?
538 1525 544 1535 '

162 1628 220 1679 890
235 1621 307 1678 Non
321 1617 438 1690 ‘curem
455 1622 557 1679 saevis
572 1622 750 1678 certandum
764 1627 812 1680 est
826 1622 993 1680 comminus
1009 1623 1111 1680 armis.

234 1719 327 1776 Verte
343 1719 442 1775 omnis
455 1716 534 1776 ⁵tete
549 1719 580 1775 in
595 1719 691 1776 facies
707 1726 738 1776 et
752 1721 895 1776 contrahe
910 1721 1057 1793 quidquid

235 1816 301 1872 sive
316 1806 426 1872 animis
441 1817 505 1873 sive
521 1822 585 1872 arte
601 1815 704 1885 vales3
728 1821 801 1891 opta
817 1817 911 1873 ardua
926 1817 1035 1891 pennis

235 1917 320 1970 astra
334 1913 420 1985 sequi
436 1912 610 1971 clausumve
625 1931 701 1970 cava
716 1918 746 1970 te
762 1915 892 1970 condere
908 1914 1012 1971 terra.'

267 2077 388 2133 Turnus
401 2078 520 2149 repties,
533 2079 596 2134 ond
609 2077 693 2134 hurle
708 2096 728 2135 o
742 2079 823 2153 turne
838 2085 919 2134 stoue
934 2085 966 2134 ot
979 2079 1115 2135 AErreae.

237 2191 292 2249 llle
308 2198 401 2266 caput
414 2210 565 2265 quassans
582 2192 632 2249 ‘N
634 2210 673 2249 on
688 2210 736 2249 me
752 2198 805 2249 tua
820 2194 940 2250 fervida
955 2199 1070 2251 terrent

163 2296 220 2346 895
236 2290 329 2360 dicta,
347 2291 455 2347 ferox:
478 2290 509 2346 di
523 2308 571 2346 me
587 2294 703 2347 terrent
717 2294 748 2347 et
762 2291 899 2364 Iuppiter
913 2291 1033 2347 hostis)
1118 2310 1120 2317 ·

236 2387 303 2444 Nec
318 2387 405 2462 plura
420 2389 530 2445 effatus
545 2405 655 2444 sexum
670 2388 876 2462 circumspicit
890 2389 1009 2464 ingene,

237 2502 347 2541 saxum
362 2485 518 2557 antiquum
534 2484 654 2560 ingens,
670 2502 779 2560 campo
793 2486 875 2558 quod
890 2487 970 2543 forte
986 2486 1115 2556 iacebat,

234 2578 338 2639 6limes
353 2600 428 2657 egro
443 2582 572 2655 positus,
588 2579 689 2639 ⁶litem
703 2588 739 2640 ut
752 2584 939 2641 discerneret
952 2584 1044 2641 ervis.

235 2679 298 2735 Vix
312 2679 387 2736 illud
401 2679 472 2736 lecti
487 2679 535 2736 bis
550 2697 607 2735 sex
621 2680 739 2738 cervice
755 2681 902 2749 subirent,

162 2784 221 2833 900
235 2776 337 2851 qualia
352 2796 432 2835 nunc
447 2778 602 2835 hominum
616 2780 757 2853 producit
771 2796 899 2853 corpora
914 2778 1023 2835 tellus:

235 2875 285 2932 ille
301 2895 392 2933 manu
407 2884 527 2952 raptum
543 2878 664 2951 trepida
678 2877 841 2950 torquebat
855 2878 885 2933 in
900 2878 1018 2934 hostem

236 2975 326 3033 altior
341 2975 502 3052 insurgens
518 2981 549 3033 et
563 2993 653 3033 cursu
668 2975 805 3033 concitus
820 2976 921 3031 heros.

236 3072 296 3130 Sed
312 3091 409 3147 neque
425 3079 596 3131 currentem
611 3091 644 3130 se
660 3090 717 3130 neo
730 3069 905 3148 ⁷cogn0soit
919 3076 1041 3129 euntem

205 3223 215 3256 ¹
228 3224 311 3283 deam,
323 3224 439 3274 «Iraturna.

205 3304 216 3337 ²
228 3307 331 3368 glauco,
344 3304 402 3355 clue.

143 3415 147 3423 ·
204 3388 216 3420 ⁸
227 3391 374 3447 arboreum,
386 3387 501 3449 trec-like,
513 3397 593 3454 strong)
604 3405 633 3437 as
645 3406 661 3437 a
673 3397 729 3437 trec.

204 3470 314 3531 *curem
326 3470 381 3519 wid
394 3472 549 3521 certandum
562 3478 602 3521 est
614 3470 769 3520 understood.
807 3469 868 3519 This
879 3471 901 3520 is
913 3478 952 3519 not
969 3487 986 3518 o
996 3471 1125 3535 scot-racc,
1138 3469 1177 3517 but
1194 3486 1210 3516 α

160 3552 263 3619 struqyle
274 3554 320 3617 for
331 3552 382 3617 lise

203 3634 215 3667 ⁵
227 3641 294 3685 tete:
312 3642 339 3684 te
351 3636 445 3697 ipsum.

203 3717 214 3750 θ
226 3718 309 3777 limes,
322 3718 411 3765 litem:
430 3717 466 3767 tlte
478 3726 542 3766 stone
555 3736 605 3766 wus
617 3718 654 3767 the
667 3718 793 3784 boundury
805 3718 853 3767 line
865 3720 896 3783 of
907 3718 943 3767 tlte
954 3718 1029 3781 field.

203 3799 214 3831 ⁷
226 3815 313 3849 senec
326 3801 475 3860 cognoscit:
494 3802 562 3848 vires
575 3801 666 3849 solitus
684 3801 727 3850 sili
739 3802 829 3851 deesse
842 3802 920 3850 videt.
928 3829 961 3838 -
969 3802 1077 3849 Hurun.
