2817 4300
178 351 220 416 42
355 367 575 414 annuorrors
600 364 844 413 unumunurn
866 363 1055 411 nuruons.

232 539 446 595 monstrasset.
492 535 633 594 Colorem
647 537 767 609 quoque
787 535 897 592 herbae
912 535 1078 603 referebat,
1095 531 1232 611 ¹agnitu-

233 654 310 704 rum,
333 635 359 691 si
380 635 448 708 quis
468 635 642 708 reperisset,
667 634 840 701 affirmans3
865 633 1082 705 inventamque
1106 633 1230 702 deinde,

160 751 162 756 ⁴
232 735 344 808 quippe
369 750 387 788 a
412 731 514 788 multis
540 730 630 787 simul
654 734 721 786 erat
745 730 902 802 requisita,
927 728 1044 786 vulneri
1067 731 1229 803 imposuit:

233 831 431 905 protinusque
458 828 562 885 dolore
590 828 685 898 finito,
712 828 792 884 intra
816 828 907 885 breve
930 830 1064 902 spatium
1084 827 1231 888 ²eieatrix

201 931 353 1002 5qubque
374 928 507 984 obducta
532 932 589 983 est.
632 928 785 986 Barbaros
805 934 839 986 ut
856 929 955 1002 prima
974 946 1045 1002 spes
1065 930 1229 999 fefellerat,

235 1045 267 1084 se
283 1027 366 1100 ipsos
378 1027 543 1098 urbemque
557 1027 749 1085 dediderunt.
783 1028 865 1086 Hine
880 1030 911 1086 in
922 1029 1094 1102 proximam
1108 1021 1231 1104 gentem

233 1124 390 1180 Patalium
419 1132 598 1198 preventum
629 1131 687 1183 est.
740 1126 809 1184 Rex
833 1133 899 1184 erat
923 1127 1050 1196 Moeno,
1077 1127 1129 1199 qui
1156 1126 1231 1182 urbe

233 1222 356 1279 deserta
370 1222 402 1278 in
418 1229 537 1280 montes
560 1225 750 1300 profugerat.
795 1224 904 1297 Itaque
919 1224 1099 1282 Alexander
1117 1224 1232 1298 oppido

233 1319 358 1393 potitur,
377 1338 526 1395 agrosque
542 1321 717 1395 populatur.
761 1321 895 1396 Magnae
910 1322 983 1378 inde
996 1322 1128 1395 praedae
1143 1326 1231 1378 actae

157 1427 162 1440 ¹
181 1423 219 1472 10
234 1421 306 1474 suut
321 1435 463 1490 pecorum
476 1419 931 1493 armentorumque‚magna'vis
942 1423 1063 1491 reperta
1074 1418 1228 1474 frumeuti.

234 1514 373 1571 Ducibus
386 1515 495 1571 deinde
511 1515 640 1588 sumptis
655 1516 753 1572 amnis
768 1509 886 1591 peritis,
903 1515 1032 1573 defluxit
1045 1515 1085 1572 ad
1099 1515 1231 1572 insulam

234 1611 335 1669 medio
349 1612 442 1668 ferme
458 1611 544 1668 alveo
560 1617 692 1669 enatam.
865 1615 869 1618 ’

322 1773 332 1805 ¹
345 1774 498 1834 agniturum
512 1772 661 1838 (dependinp
673 1790 702 1822 oa
715 1773 869 1838 affirmans),
883 1772 961 1822 would
972 1773 1102 1839 recognize.

322 1853 334 1888 ’δ’
345 1855 462 1915 cicatrix,
477 1871 540 1904 sear.
