2817 4300
202 380 264 444 196
385 399 600 444 SELECTIONS
623 398 725 444 FROM
747 399 861 444 LATIN
883 399 1065 446 AUTHORS.

297 462 311 488 Q

202 569 389 638 memoriam,
406 585 495 641 quem
510 569 633 642 quidem
654 585 711 624 nos
733 569 928 638 audierimus,
946 570 1125 645 cognomine
1140 571 1161 628 J
1163 576 1256 628 ustus

202 665 243 721 sit
265 665 448 739 appellatus,
466 671 568 722 tamen
583 684 602 720 a
616 665 822 722 Themistocle
837 665 1057 722 collabefactus
1072 667 1185 724 testula
1200 668 1256 724 illa

202 762 311 819 exsilio
340 763 444 820 decem
477 781 625 820 annorum
656 763 804 819 multatus
833 767 890 819 est.
945 762 1004 835 Qui
1032 764 1152 837 quidem
1183 782 1255 823 cum

202 861 392 937 intellegeret
424 862 548 935 reprimi
579 864 765 920 concitatam
797 861 1020 918 multitudinem
1053 880 1114 919 non
1145 881 1252 937 posse,

201 960 372 1032 cedensque
401 960 671 1017 animadvertisset
694 959 847 1033 quendam
876 958 1070 1029 scribentem,
1096 964 1130 1016 ut
1151 960 1254 1034 patria

201 1056 375 1130 pelleretur,
392 1057 550 1130 quaesisse
572 1058 611 1115 ab
632 1075 669 1115 eo
686 1057 808 1123 dicitnr,
824 1073 918 1128 quare
933 1055 963 1112 id
978 1056 1096 1114 faceret
1110 1062 1164 1114 aut
1178 1058 1254 1130 quid

200 1154 354 1210 Aristides
379 1154 592 1225 commisisset,
620 1173 672 1213 cur
697 1160 785 1211 tanta
813 1170 912 1228 poena
940 1153 1051 1228 dignus
1076 1155 1251 1212 duceretur.

201 1250 258 1308 Cui
273 1251 323 1308 ille
339 1253 497 1326 respondit
510 1270 543 1310 se
558 1253 698 1329 ignorare
713 1249 884 1321 Aristiden,
898 1251 953 1308 sed
968 1251 1027 1308 sibi
1042 1269 1102 1308 non
1118 1251 1251 1326 placere,

200 1350 283 1422 quod
304 1354 367 1406 tam
382 1350 491 1423 cupide
505 1349 688 1420 laborasset,
704 1355 740 1406 ut
754 1354 875 1422 praeter
890 1354 1008 1406 ceteros
1022 1349 1131 1406 Justus
1146 1349 1253 1423 appel-

200 1446 323 1504 laretur.
368 1447 428 1504 Hic
439 1448 543 1505 decem
555 1466 704 1506 annorum
717 1446 885 1523 legitimam
899 1464 1029 1519 poenam
1040 1464 1101 1502 non
1113 1446 1251 1520 pertulit.

200 1545 281 1602 Nam
303 1551 466 1620 postquam
488 1545 667 1602 Xerxesdn
691 1544 854 1602 Graeciam
877 1544 1046 1612 descendit,
1072 1549 1162 1600 sexto
1185 1545 1253 1602 fere

200 1661 288 1699 1111,
301 1660 393 1715 quam
414 1648 481 1700 erat
502 1643 660 1716 expulsuS,
677 1641 782 1716 populi
804 1642 881 1698 scito
900 1641 931 1696 in
946 1641 1076 1714 patriam
1091 1642 1254 1699 restitutus

199 1745 257 1797 est.

240 1837 388 1895 Interfuit
409 1843 510 1894 autem
533 1856 654 1914 pugnae
676 1837 778 1894 navali
794 1837 875 1910 apud
892 1835 1057 1906 Salamina,
1075 1838 1254 1910 quaefacta

200 1943 248 1994 est
262 1939 346 2011 prius
361 1955 451 2010 quam
466 1956 567 2012 poena
581 1937 773 1996 liberaretur.
811 1937 897 1994 Idem
913 1943 1034 2011 praetor
1047 1937 1107 1993 fuit
1120 1937 1254 1994 Atheni·

200 2035 317 2092 ensium
339 2036 421 2108 apud
441 2035 586 2092 Plataeas
608 2035 639 2091 in
660 2034 787 2110 proeli0,
803 2051 864 2107 quo
881 2033 1063 2090 Mardonius
1079 2034 1167 2090 fusus
1183 2035 1254 2093 bar-

200 2133 401 2207 barorumque
416 2133 569 2191 exercitus
584 2133 766 2191 interfectus
781 2136 839 2190 est.
878 2131 986 2205 Neque
998 2131 1079 2189 aliud
1095 2136 1143 2189 est
1157 2131 1253 2189 ullum

199 2232 290 2304 hujus
306 2232 336 2287 in
352 2249 383 2288 re
397 2230 520 2289 militari
535 2231 651 2288 illustre
666 2232 783 2287 tactum
797 2248 889 2303 quam
904 2230 993 2303 hujus
1009 2230 1126 2304 imperii
1137 2248 1253 2288 memo-

198 2328 255 2395 ria,
268 2328 405 2401 justitiae
416 2346 490 2385 vero
501 2333 532 2385 et
547 2328 709 2401 aequitatis
722 2332 753 2384 et
767 2327 958 2385 innocentiae
971 2326 1075 2397 multa,
1090 2328 1118 2383 in
1131 2328 1251 2401 primiS,

199 2426 281 2499 quod
299 2427 366 2498 ejus
382 2426 535 2497 aequitate
551 2427 741 2494 factumest,
758 2424 872 2482 cumin
888 2425 1039 2481 communi
1055 2424 1157 2482 classe
1168 2416 1255 2483 esset

199 2521 348 2580 Graeciae
376 2521 466 2579 simul
494 2541 563 2581 cum
590 2522 755 2592 Pausania,
783 2540 843 2595 quo
871 2522 949 2579 duce
978 2522 1159 2579 Mardonius
1185 2528 1254 2581 erat

199 2621 337 2695 fugatus,
354 2624 388 2676 ut
407 2637 525 2677 summa
540 2620 658 2694 imperii
675 2620 817 2677 maritimi
833 2620 871 2676 ab
887 2620 1135 2677 Lacedaemoniis
1151 2624 1253 2677 trans·

199 2718 331 2773 ferretur
345 2717 385 2774 ad
405 2717 631 2774 Athenienses:
655 2734 785 2789 namque
807 2722 878 2773 ante
900 2716 931 2774 id
948 2720 1068 2791 tempus
1084 2723 1115 2775 et
1130 2718 1206 2775 mari
1221 2723 1254 2777 et

199 2820 279 2871 terra
300 2814 393 2871 duces
415 2820 503 2871 erant
527 2814 771 2872 Lacedaemonii.
826 2815 905 2870 Tum
927 2820 1029 2871 autem
1050 2820 1082 2872 et
1102 2815 1252 2889 intempe-

199 2911 299 2968 rantia
320 2912 491 2968 Pausaniae
508 2917 539 2969 et
553 2912 673 2985 justitia
695 2912 813 2968 factum
836 2915 883 2968 est
904 2911 1064 2981 Aristidis,
1088 2916 1122 2969 ut
1143 2931 1251 2971 omnes

199 3010 264 3067 fere
286 3008 427 3067 civitates
442 3007 591 3067 Graeciae
607 3010 645 3066 ad
660 3009 895 3066 Atheniensium
911 3009 1090 3067 societatem
1105 3029 1138 3067 se
1153 3010 1251 3085 appli-

199 3111 304 3165 carent
319 3112 350 3164 et
364 3108 512 3164 adversus
527 3107 675 3164 barbaros
689 3107 746 3163 hos
761 3107 855 3163 duces
870 3106 1038 3182 deligerent
1054 3108 1122 3164 sibi.

239 3204 323 3277 Quos
352 3222 412 3277 quo
436 3203 559 3262 facilius
583 3204 778 3278 repellerent,
805 3203 831 3261 si
857 3205 937 3261 forte
963 3204 1074 3261 bellum
1101 3222 1251 3263 renovare

199 3306 393 3370 conarentur,
427 3302 466 3359 ad
498 3302 613 3359 classes
645 3302 851 3358 aedificandas
883 3302 1096 3375 exercitusque
1128 3320 1251 3377 compa-

198 3400 312 3456 randos
336 3405 484 3473 quantum
507 3399 653 3474 pecuniae
676 3415 813 3471 quaeque
839 3398 948 3456 civitas
972 3400 1070 3466 daret,
1095 3399 1252 3457 Aristides
1281 3464 1288 3472 ,

198 3496 335 3554 delectus
356 3504 405 3553 est
428 3497 479 3569 qui
505 3497 716 3565 constitueret,
741 3498 865 3569 ejusque
891 3496 1016 3553 arbitrio
1040 3497 1252 3573 quadringena

199 3600 229 3652 11
251 3613 407 3671 sexagena
429 3595 545 3651 talenta
566 3594 730 3667 quotannis
751 3593 861 3650 Delum
884 3598 956 3650 sunt
970 3594 1099 3651 collata:
1123 3595 1154 3651 id
1169 3595 1251 3651 eninr

95 3713 98 3718 ·
199 3710 357 3751 commune
386 3692 534 3748 aerarium
563 3709 630 3749 esse
656 3691 829 3748 voluerunt.
884 3690 969 3763 Quae
997 3692 1096 3749 omnis
1121 3693 1251 3765 pecunia

199 3793 322 3863 postero
353 3791 488 3858 tempore
517 3787 657 3843 Athenas
685 3786 835 3844 translata
864 3792 921 3845 est.
980 3788 1040 3845 Hic
1067 3805 1128 3863 qua
1156 3788 1252 3847 fuerit
