2817 4300
171 361 214 424 88
355 376 571 424 subnotemus
594 377 696 424 FROM
718 376 830 423 LATIN
853 377 1037 424 AUTHORS.

206 596 209 600 Δ
245 545 354 602 durum
368 563 387 601 a
401 545 494 619 stirpe
509 542 622 620 ¹genus
637 550 725 602 natos
741 545 779 602 ad
795 546 919 601 flumina
935 545 1063 619 primum

244 642 407 699 deferimus
422 659 574 715 saevoque
588 641 658 717 gelu
673 642 817 698 duramus
832 647 863 698 et
878 642 978 712 undis,

171 746 228 797 605
243 744 357 804 venatu
372 738 534 814 invigilant
548 739 633 812 pueri
649 737 802 811 silvasque
818 739 963 814 fatigant,

243 837 364 894 flectere
377 836 467 894 ludus
482 853 576 909 equos
591 841 623 892 et
636 832 769 910 ²spicula
783 837 907 894 tendere
923 853 1027 893 cornu.

243 933 309 991 *At
324 935 443 1008 patiens
457 951 584 1008 operum
597 951 753 1006 parvoque
767 934 896 990 adsueta
911 933 918 989 i
923 938 1051 991 uventus

244 1036 298 1089 aut
310 1029 433 1089 ³rastris
448 1037 559 1089 terram
574 1033 680 1088 domat
694 1037 749 1087 aut
763 1031 862 1105 quatit
877 1031 991 1104 oppida
1005 1030 1096 1087 belle.

243 1128 342 1187 Omne
357 1147 466 1187 aevum
480 1130 563 1186 ferro
577 1129 694 1199 teritur,
711 1146 860 1202 versaque
875 1128 1036 1185 iuvencum

170 1233 229 1284 610
243 1233 330 1302 terga
344 1227 512 1302 fatigamus
527 1227 631 1295 hasta3
655 1244 712 1283 nec
726 1226 814 1282 tarda
830 1231 972 1282 senectus
1097 1211 1110 1222 “

243 1323 386 1380 debilitat
399 1324 479 1380 vires
494 1323 587 1380 animi
601 1328 759 1396 mutatque
774 1323 928 1397 vigorem:

243 1421 385 1478 canitiem
400 1420 488 1495 galea
502 1421 677 1493 premimus,
694 1437 874 1493 semperque
889 1420 1019 1477 recentis
1099 1423 1101 1427 '

243 1523 433 1592 comportare
448 1519 534 1575 iuvat
548 1519 684 1592 praedas¹
693 1523 725 1574 et
739 1517 841 1574 vivere
856 1522 955 1590 rapto.

242 1616 340 1671 Vobis
355 1616 437 1688 picta
452 1633 542 1673 croco
556 1620 588 1672 et
602 1615 733 1689 fulgenti
748 1615 860 1672 murice
875 1615 982 1685 vestis,

170 1720 227 1769 615
243 1713 379 1770 desidiae
394 1713 489 1782 cordi,
507 1713 591 1769 iuvat
605 1711 761 1787 indulgere
777 1711 907 1782 choreis,

243 1816 275 1867 et
288 1809 409 1868 tunicae
422 1807 575 1866 ⁴manicas
591 1815 622 1867 et
637 1811 751 1867 hahent
764 1806 957 1867 ⁵redimicula
970 1809 1088 1867 mitrae.

242 1906 270 1964 Ο
285 1925 355 1964 vere
369 1907 533 1983 Phrygiae,
551 1925 647 1980 neque
662 1907 743 1964 enim
757 1906 907 1983 Phryges,
924 1906 965 1964 ite
980 1924 1034 1981 per
1049 1906 1111 1963 alta

241 2001 424 2080 ⁶Dindyma,
440 2005 493 2061 ubi
508 2005 643 2062 adsuetis
656 2001 802 2061 ⁷biforem
818 2005 871 2062 dat
885 2004 962 2062 tibia
976 2009 1097 2062 cantum
1110 2004 1117 2060 1

242 2103 404 2179 Tympana
417 2120 473 2161 vos
487 2099 664 2176 ⁸bnxusque
678 2107 771 2160 vocat
784 2102 966 2179 Berecyntia
980 2103 1092 2161 Matris

170 2208 228 2259 620
242 2201 374 2258 Idaeae:
397 2200 488 2257 sinite
503 2218 587 2256 arma
601 2200 675 2257 viris
690 2205 722 2257 et
737 2200 836 2257 cedite
851 2200 957 2257 ferrost
1139 2188 1140 2191 ¹

408 2360 468 2417 The
482 2377 598 2433 prayer
611 2362 674 2417 aad
688 2362 762 2417 dccd
776 2362 814 2434 of
821 2358 984 2418 Asconius.

282 2474 372 2531 Talia
385 2475 551 2531 iactantem
565 2474 655 2532 dictis
667 2492 702 2532 ac
717 2475 784 2531 dira
798 2479 958 2532 canentem

242 2589 304 2630 non
319 2571 389 2629 tulit
402 2571 568 2641 AscaniuS,
583 2568 754 2645 ⁹nervoque
770 2573 918 2629 obversus
933 2572 1044 2646 equino

243 2669 401 2726 contendit
414 2668 508 2725 telum
523 2668 704 2742 diversaque
719 2669 862 2727 bracchia
877 2670 991 2727 ducens

242 2766 392 2835 constitit,
409 2772 480 2823 ante
494 2765 601 2823 Iovem
615 2767 746 2840 supplex
761 2785 815 2841 per
829 2772 901 2825 vota
916 2773 1075 2841 precatus:

310 2917 343 2966 A.
367 2918 405 2966 At
416 2918 544 2979 juventus
556 2920 641 2979 primo
653 2921 764 2969 adsueta
776 2928 810 2967 est
822 2922 923 2982 patiens
937 2936 1053 2982 operum.

211 3032 220 3063 ¹
233 3035 328 3083 durum
340 3050 433 3097 genus,
444 3034 469 3081 iu
482 3026 619 3097 appositiva
632 3035 687 3083 wat
700 3034 737 3083 ua
749 3036 838 3100 subject
850 3036 882 3101 ⁰s
888 3036 1039 3085 deferimus.

211 3116 343 3179 ²spicula,
355 3133 407 3181 syn.
420 3118 511 3176 telum,
524 3118 630 3179 sagitta.

210 3198 324 3262 ⁸rastris
337 3200 413 3248 terris
426 3199 516 3248 domat
528 3222 551 3242 =
564 3200 629 3248 colit
641 3206 747 3249 terram.

210 3282 349 3331 4manicas
364 3284 491 3347 (manus),
504 3280 598 3331 sleeves.

210 3362 394 3424 ⁶redimicula‚
406 3362 493 3426 fillets,
502 3362 626 3427 sroutletn.
660 3364 827 3414 Redimiculu
838 3364 891 3413 aad
905 3366 1022 3415 manicas
1034 3382 1077 3413 are
1089 3364 1149 3414 used
1161 3364 1216 3413 with

168 3456 290 3511 contempt,
302 3455 325 3495 to
337 3446 420 3496 denote
432 3447 587 3512 effeminacy.

209 3528 220 3561 ⁶
233 3530 375 3592 Dindyma,
390 3529 439 3579 Mt.
451 3530 477 3577 in
490 3528 611 3594 Plryyic,
624 3528 679 3578 will
691 3538 735 3577 two
747 3537 806 3594 tops.

209 3611 220 3643 ⁷
231 3612 344 3661 biforem
352 3635 377 3655 =
386 3614 517 3673 bisonum,
528 3614 666 3674 imparem.

209 3690 220 3721 ⁸
231 3695 325 3753 buxus,
337 3709 354 3741 a
362 3694 421 3756 pipe
434 3692 579 3757 modesrom
588 3692 709 3741 borwood.

210 3773 221 3806 ⁹
233 3789 314 3823 nervo
326 3775 431 3837 equino,
443 3773 575 3823 lorsadair
586 3774 721 3839 bowatn'ny.
