2817 4300
144 378 184 439 66
326 393 540 439 snaucrrons
563 393 665 439 raon
686 393 800 439 namn
823 394 1010 443 Aurfloas.

196 563 318 620 Turnus
332 568 367 620 ut
382 568 453 620 ante
468 564 576 621 volans
590 564 711 620 tardum
727 570 937 638 praecesserat
950 583 1060 641 agmen

197 661 306 736 viginti
320 660 408 718 lectis
424 661 558 734 equitum
574 660 750 730 comitatus,
767 667 800 718 et
812 663 879 718 urbi

197 758 381 832 improvisus
397 759 504 825 adest3
527 758 654 815 maculis
668 776 758 831 quem
772 759 921 816 Thracius
937 760 1015 816 albis

144 862 182 911 50
198 860 300 929 portat
315 873 410 928 equus
424 852 592 928 lcristaque
608 856 685 930 tegit
699 855 787 931 galea
803 874 895 912 aurea
908 857 1010 913 rubra.

200 951 332 1025 ‘Ecquis
348 953 415 1021 erit,
433 970 561 1021 meeum,
578 953 716 1021 iuvenes,
734 953 785 1026 qui
799 954 914 1028 primus
929 955 960 1010 in
974 954 1114 1012 hostem?
1163 987 1166 992 ·

194 1049 265 1119 En,'
282 1049 325 1106 ait
338 1055 370 1106 et
384 1049 515 1106 iaculum
531 1054 709 1122 attorquens
725 1050 836 1107 emittit
850 1051 881 1106 iu
897 1069 997 1120 aurae,

197 1146 378 1220 principium
394 1165 527 1221 pugnae,
544 1151 574 1204 et
589 1164 698 1220 campo
712 1165 779 1203 sese
795 1148 908 1204 arduus
923 1148 1027 1206 infert.

197 1242 338 1300 Clamore
352 1244 511 1317 excipiunt
524 1243 599 1301 socii
614 1244 797 1317 fremituque
813 1250 982 1317 sequuntur

145 1349 182 1396 55
197 1336 391 1397 ²horrison0:
414 1341 565 1398 Teucrum
581 1341 731 1397 mirantur
744 1341 854 1398 inertia
870 1343 974 1412 corda,

198 1456 259 1494 non
275 1455 371 1510 aequo
386 1438 459 1494 dare
474 1455 507 1494 se
522 1456 642 1511 campo,
658 1455 720 1494 non
735 1437 826 1494 obvia
841 1439 923 1495 ferre

198 1553 281 1591 arma
296 1535 389 1603 viros,
407 1535 461 1591 sed
475 1540 576 1592 eastra
592 1536 708 1592 fovere.
753 1535 823 1592 Huc
838 1537 978 1592 turbidus
993 1543 1084 1610 atque
1098 1539 1157 1595 hue

198 1631 309 1688 lustrat
323 1649 401 1704 equo
415 1650 516 1688 muros
532 1632 708 1704 aditumque
723 1650 777 1706 per
792 1633 860 1689 avia
875 1635 1004 1705 quaerit.

197 1729 245 1785 Ac
260 1728 354 1785 veluti
370 1728 461 1802 pleno
476 1728 564 1803 lupus
580 1729 742 1785 insidiatus
757 1729 829 1786 ovili

146 1833 183 1882 60
199 1843 267 1882 611111
282 1826 385 1882 fremit
398 1823 453 1882 ³ad
468 1826 583 1895 caulas,
600 1831 710 1883 ventos
724 1823 905 1900 ⁴perpessus
919 1833 950 1884 et
963 1829 1080 1898 imbriS,

199 1928 287 1979 noete
303 1941 395 1996 super
409 1923 528 1991 media3
551 1923 609 1979 tuti
624 1923 682 1978 sub
697 1905 846 1980 matribus
861 1925 932 2000 agni

197 2016 348 2076 5balatum
363 2024 518 2090 exercent,
535 2019 586 2076 ille
601 2038 691 2093 asper
706 2025 737 2076 et
751 2022 907 2094 improbus
922 2022 968 2078 ira

199 2117 298 2175 saevit
312 2117 343 2174 in
358 2117 506 2187 absentie,
523 2117 651 2175 ootleota
666 2117 779 2194 fatigat
794 2119 903 2176 edendi

199 2233 237 2273 ex
253 2215 344 2290 longo
359 2216 459 2271 rabies
474 2220 506 2271 et
520 2216 618 2271 siccae
634 2216 783 2291 sanguine
797 2217 922 2273 fauces:

146 2320 182 2368 65
198 2312 280 2369 haud
295 2312 383 2369 aliter
397 2313 511 2370 Rutulo
525 2330 627 2369 muros
642 2319 673 2369 et
688 2318 789 2369 castra
803 2314 901 2370 tuenti

199 2409 361 2485 ignescunt
375 2409 449 2476 irae,
466 2409 550 2465 duris
565 2409 653 2465 dolor
665 2411 788 2466 ossibus
804 2412 901 2467 ardet.

198 2505 265 2578 Qua
280 2510 410 2579 temptet
423 2506 541 2563 ratione
556 2507 658 2564 aditus
673 2511 703 2563 et
718 2525 796 2579 quae
811 2508 860 2563 via
875 2508 995 2566 clausos

199 2603 336 2659 excutiat
349 2603 484 2659 Teucros
498 2602 580 2659 vallo
595 2608 686 2676 atque
702 2605 839 2661 effundat
854 2605 884 2661 iu
900 2606 1051 2678 aequum?

478 2780 542 2835 The
557 2781 656 2836 struck
670 2799 709 2836 oa
724 2782 770 2837 6116
781 2784 863 2854 fleat.

198 2909 347 2979 Classem,
364 2929 442 2984 quae
457 2910 545 2967 lateri
560 2916 728 2982 castrorum
745 2912 889 2969 adiuncta
903 2913 1031 2984 latebat,

145 3015 183 3065 70
198 3008 361 3083 aggeribus
377 3012 515 3081 saeptam
530 3008 642 3064 circum
657 3013 688 3065 et
703 3009 876 3065 fluvialibus
891 3011 993 3081 undiS,

199 3103 317 3161 invadit
331 3105 490 3177 sociosque
506 3105 647 3162 incendia
661 3106 761 3179 poscit
776 3107 896 3163 ovantis

198 3206 288 3274 atque
303 3220 426 3258 manum
441 3201 513 3276 pinu
529 3202 670 3277 flagranti
684 3204 820 3260 fervidus
836 3204 950 3277 implet.

197 3299 277 3355 Tum
291 3317 365 3356 vero
379 3299 578 3369 imeumbunt,
595 3305 684 3375 urget
699 3301 873 3373 praesentia
888 3302 994 3373 Turni,

318 3473 327 3504 ¹
340 3472 472 3533 cristaque
483 3473 571 3530 rubra,
584 3470 629 3519 red
637 3470 727 3535 plume.

317 3553 485 3612 2h0rris0n0,
497 3555 529 3618 cf
542 3555 637 3603 horreo
648 3554 700 3601 and
716 3570 803 3613 sonus,
815 3555 934 3621 soundiap
946 3555 1097 3623 dreadsully.

317 3637 328 3669 ⁸
341 3638 374 3686 ad
386 3638 485 3697 caulas,
497 3644 523 3684 ut
538 3637 576 3698 (or
587 3639 657 3700 near)
671 3636 708 3684 the
720 3634 863 3700 sheepfolds.

317 3720 328 3753 ⁴
340 3736 486 3782 perpessus,
499 3720 625 3782 sufferinp.

318 3800 329 3833 ⁶
339 3801 467 3861 balatum,
480 3799 590 3865 bleatiaq.
