<?xml version="1.0" encoding="UTF-8"?>
<!DOCTYPE html PUBLIC "-//W3C//DTD XHTML 1.0 Transitional//EN"
    "http://www.w3.org/TR/xhtml1/DTD/xhtml1-transitional.dtd">
<html xmlns="http://www.w3.org/1999/xhtml" xml:lang="en" lang="en">
 <head>
  <title>
</title>
<meta http-equiv="Content-Type" content="text/html;charset=utf-8" />
  <meta name='ocr-system' content='tesseract 3.04.00' />
  <meta name='ocr-capabilities' content='ocr_page ocr_carea ocr_par ocr_line ocrx_word'/>
</head>
<body>
  <div class='ocr_page' id='page_1' title='image "./selectionsfroml01tomlgoog_0222.png"; bbox 0 0 2817 4300; ppageno 0'>
   <div class='ocr_carea' id='block_1_1' title="bbox 163 321 1031 385">
    <p class='ocr_par' dir='ltr' id='par_1_1' title="bbox 163 321 1031 385">
     <span class='ocr_line' id='line_1_1' title="bbox 163 321 1031 385; baseline 0 -1"><span class='ocrx_word' id='word_1_1' title='bbox 163 321 226 385; x_wconf 78' lang='lat'>202</span> <span class='ocrx_word' id='word_1_2' title='bbox 345 334 561 383; x_wconf 79' lang='lat' dir='ltr'>sunncrrons</span> <span class='ocrx_word' id='word_1_3' title='bbox 584 335 687 382; x_wconf 79' lang='lat' dir='ltr'>raon</span> <span class='ocrx_word' id='word_1_4' title='bbox 710 335 823 383; x_wconf 70' lang='lat' dir='ltr'>aaran</span> <span class='ocrx_word' id='word_1_5' title='bbox 847 335 1031 384; x_wconf 80' lang='lat' dir='ltr'>Aornons.</span> 
     </span>
    </p>
   </div>
   <div class='ocr_carea' id='block_1_2' title="bbox 162 506 1216 858">
    <p class='ocr_par' dir='ltr' id='par_1_2' title="bbox 162 506 1216 858">
     <span class='ocr_line' id='line_1_2' title="bbox 162 506 1216 582; baseline 0.001 -17"><span class='ocrx_word' id='word_1_6' title='bbox 162 509 337 581; x_wconf 90' lang='lat' dir='ltr'>adaequant</span> <span class='ocrx_word' id='word_1_7' title='bbox 372 506 449 576; x_wconf 89' lang='lat' dir='ltr'>solo,</span> <span class='ocrx_word' id='word_1_8' title='bbox 480 523 599 579; x_wconf 91' lang='lat' dir='ltr'>unaque</span> <span class='ocrx_word' id='word_1_9' title='bbox 633 507 709 563; x_wconf 90' lang='lat' dir='ltr'>hora</span> <span class='ocrx_word' id='word_1_10' title='bbox 743 507 1032 582; x_wconf 86' lang='lat' dir='ltr'>quadringentorum</span> <span class='ocrx_word' id='word_1_11' title='bbox 1064 525 1216 566; x_wconf 88' lang='lat' dir='ltr'>annorum</span> 
     </span>
     <span class='ocr_line' id='line_1_3' title="bbox 162 603 1215 680; baseline 0.003 -19"><span class='ocrx_word' id='word_1_12' title='bbox 162 624 251 680; x_wconf 92' lang='lat' dir='ltr'>opus,</span> <span class='ocrx_word' id='word_1_13' title='bbox 266 605 377 677; x_wconf 91' lang='lat' dir='ltr'>quibus</span> <span class='ocrx_word' id='word_1_14' title='bbox 392 603 474 660; x_wconf 88' lang='lat' dir='ltr'>Alba</span> <span class='ocrx_word' id='word_1_15' title='bbox 489 607 627 673; x_wconf 88' lang='lat' dir='ltr'>steterat,</span> <span class='ocrx_word' id='word_1_16' title='bbox 644 604 766 661; x_wconf 88' lang='lat' dir='ltr'>excidio</span> <span class='ocrx_word' id='word_1_17' title='bbox 785 623 820 662; x_wconf 90' lang='lat' dir='ltr'>ac</span> <span class='ocrx_word' id='word_1_18' title='bbox 842 605 937 662; x_wconf 89' lang='lat' dir='ltr'>ruinis</span> <span class='ocrx_word' id='word_1_19' title='bbox 957 605 1079 662; x_wconf 87' lang='lat' dir='ltr'>dedere.</span> <span class='ocrx_word' id='word_1_20' title='bbox 1123 606 1215 664; x_wconf 88' lang='lat' dir='ltr'>Tem&#39;·</span> 
     </span>
     <span class='ocr_line' id='line_1_4' title="bbox 162 701 1213 778; baseline 0.002 -18"><span class='ocrx_word' id='word_1_21' title='bbox 162 703 221 777; x_wconf 87' lang='lat' dir='ltr'>plis</span> <span class='ocrx_word' id='word_1_22' title='bbox 242 707 345 760; x_wconf 88' lang='lat' dir='ltr'>tamen</span> <span class='ocrx_word' id='word_1_23' title='bbox 366 702 457 759; x_wconf 89' lang='lat' dir='ltr'>deum</span> <span class='ocrx_word' id='word_1_24' title='bbox 472 701 532 777; x_wconf 84' lang='lat' dir='ltr'>(ita</span> <span class='ocrx_word' id='word_1_25' title='bbox 552 701 634 758; x_wconf 93' lang='lat' dir='ltr'>enim</span> <span class='ocrx_word' id='word_1_26' title='bbox 654 701 787 758; x_wconf 90' lang='lat' dir='ltr'>edictum</span> <span class='ocrx_word' id='word_1_27' title='bbox 809 702 849 759; x_wconf 89' lang='lat' dir='ltr'>ab</span> <span class='ocrx_word' id='word_1_28' title='bbox 870 719 942 778; x_wconf 85' lang='lat' dir='ltr'>rege</span> <span class='ocrx_word' id='word_1_29' title='bbox 963 701 1078 778; x_wconf 84' lang='lat' dir='ltr'>fuerat)</span> <span class='ocrx_word' id='word_1_30' title='bbox 1097 708 1213 778; x_wconf 89' lang='lat' dir='ltr'>tempe·</span> 
     </span>
     <span class='ocr_line' id='line_1_5' title="bbox 162 805 339 858; baseline 0 -2"><span class='ocrx_word' id='word_1_31' title='bbox 162 806 261 857; x_wconf 90' lang='lat' dir='ltr'>ratum</span> <span class='ocrx_word' id='word_1_32' title='bbox 282 805 339 858; x_wconf 92' lang='lat' dir='ltr'>est.</span> 
     </span>
    </p>
   </div>
   <div class='ocr_carea' id='block_1_3' title="bbox 588 959 783 1018">
    <p class='ocr_par' dir='ltr' id='par_1_3' title="bbox 588 959 783 1018">
     <span class='ocr_line' id='line_1_6' title="bbox 588 959 783 1018; baseline 0 -2"><span class='ocrx_word' id='word_1_33' title='bbox 588 962 637 1016; x_wconf 89' lang='grc'>96.</span> <span class='ocrx_word' id='word_1_34' title='bbox 668 959 783 1018; x_wconf 80' lang='lat' dir='ltr'>Craton.</span> 
     </span>
    </p>
   </div>
   <div class='ocr_carea' id='block_1_4' title="bbox 162 1090 1215 3788">
    <p class='ocr_par' dir='ltr' id='par_1_4' title="bbox 162 1090 1215 2625">
     <span class='ocr_line' id='line_1_7' title="bbox 203 1090 1214 1160; baseline 0 -11"><span class='ocrx_word' id='word_1_35' title='bbox 203 1091 323 1160; x_wconf 85' lang='lat' dir='ltr'>Cimon,</span> <span class='ocrx_word' id='word_1_36' title='bbox 339 1091 490 1149; x_wconf 82' lang='lat' dir='ltr'>Miltiadis</span> <span class='ocrx_word' id='word_1_37' title='bbox 511 1090 602 1160; x_wconf 89' lang='lat' dir='ltr'>filius,</span> <span class='ocrx_word' id='word_1_38' title='bbox 619 1090 830 1159; x_wconf 88' lang='lat' dir='ltr'>Atheniensis,</span> <span class='ocrx_word' id='word_1_39' title='bbox 848 1091 924 1147; x_wconf 91' lang='lat' dir='ltr'>duro</span> <span class='ocrx_word' id='word_1_40' title='bbox 939 1091 1103 1148; x_wconf 79' lang='lat' dir='ltr'>admodum</span> <span class='ocrx_word' id='word_1_41' title='bbox 1124 1091 1214 1149; x_wconf 91' lang='lat' dir='ltr'>initio</span> 
     </span>
     <span class='ocr_line' id='line_1_8' title="bbox 162 1187 1214 1261; baseline 0 -16"><span class='ocrx_word' id='word_1_42' title='bbox 162 1207 236 1245; x_wconf 88' lang='lat' dir='ltr'>usus</span> <span class='ocrx_word' id='word_1_43' title='bbox 258 1195 306 1245; x_wconf 90' lang='lat' dir='ltr'>est</span> <span class='ocrx_word' id='word_1_44' title='bbox 324 1187 561 1244; x_wconf 81' lang='lat' dir='ltr'>adulescentiae.</span> <span class='ocrx_word' id='word_1_45' title='bbox 605 1187 685 1244; x_wconf 90' lang='lat' dir='ltr'>Nam</span> <span class='ocrx_word' id='word_1_46' title='bbox 701 1204 771 1244; x_wconf 91' lang='lat' dir='ltr'>cum</span> <span class='ocrx_word' id='word_1_47' title='bbox 786 1192 872 1261; x_wconf 90' lang='lat' dir='ltr'>pater</span> <span class='ocrx_word' id='word_1_48' title='bbox 886 1188 954 1260; x_wconf 88' lang='lat' dir='ltr'>ejus</span> <span class='ocrx_word' id='word_1_49' title='bbox 968 1187 1054 1245; x_wconf 92' lang='lat' dir='ltr'>litem</span> <span class='ocrx_word' id='word_1_50' title='bbox 1069 1189 1214 1246; x_wconf 83' lang='lat' dir='ltr'>aestima·</span> 
     </span>
     <span class='ocr_line' id='line_1_9' title="bbox 164 1284 1212 1360; baseline -0.001 -18"><span class='ocrx_word' id='word_1_51' title='bbox 164 1292 227 1343; x_wconf 91' lang='lat' dir='ltr'>tam</span> <span class='ocrx_word' id='word_1_52' title='bbox 251 1286 365 1360; x_wconf 90' lang='lat' dir='ltr'>populo</span> <span class='ocrx_word' id='word_1_53' title='bbox 390 1285 508 1342; x_wconf 90' lang='lat' dir='ltr'>solvere</span> <span class='ocrx_word' id='word_1_54' title='bbox 537 1302 598 1341; x_wconf 95' lang='lat' dir='ltr'>non</span> <span class='ocrx_word' id='word_1_55' title='bbox 627 1285 779 1358; x_wconf 88' lang='lat' dir='ltr'>potuisset</span> <span class='ocrx_word' id='word_1_56' title='bbox 807 1284 847 1341; x_wconf 93' lang='lat' dir='ltr'>ob</span> <span class='ocrx_word' id='word_1_57' title='bbox 873 1302 999 1358; x_wconf 89' lang='lat' dir='ltr'>eamque</span> <span class='ocrx_word' id='word_1_58' title='bbox 1028 1302 1153 1343; x_wconf 90' lang='lat' dir='ltr'>causam</span> <span class='ocrx_word' id='word_1_59' title='bbox 1180 1286 1212 1342; x_wconf 90' lang='lat' dir='ltr'>in</span> 
     </span>
     <span class='ocr_line' id='line_1_10' title="bbox 162 1380 1215 1460; baseline -0.001 -20"><span class='ocrx_word' id='word_1_60' title='bbox 162 1383 271 1440; x_wconf 88' lang='lat' dir='ltr'>vinclis</span> <span class='ocrx_word' id='word_1_61' title='bbox 285 1382 416 1460; x_wconf 88' lang='lat' dir='ltr'>publicis</span> <span class='ocrx_word' id='word_1_62' title='bbox 431 1383 626 1451; x_wconf 80' lang='lat' dir='ltr'>decessisset,</span> <span class='ocrx_word' id='word_1_63' title='bbox 643 1380 750 1439; x_wconf 88' lang='lat' dir='ltr'>Cimon</span> <span class='ocrx_word' id='word_1_64' title='bbox 767 1382 874 1440; x_wconf 87' lang='lat' dir='ltr'>eadem</span> <span class='ocrx_word' id='word_1_65' title='bbox 888 1382 1029 1440; x_wconf 85' lang='lat' dir='ltr'>custodia</span> <span class='ocrx_word' id='word_1_66' title='bbox 1050 1383 1215 1441; x_wconf 86' lang='lat' dir='ltr'>tenebatur</span> 
     </span>
     <span class='ocr_line' id='line_1_11' title="bbox 163 1479 1213 1556; baseline -0.001 -19"><span class='ocrx_word' id='word_1_67' title='bbox 163 1499 260 1554; x_wconf 89' lang='lat' dir='ltr'>neque</span> <span class='ocrx_word' id='word_1_68' title='bbox 281 1480 400 1556; x_wconf 83' lang='lat' dir='ltr'>legibus</span> <span class='ocrx_word' id='word_1_69' title='bbox 422 1479 656 1537; x_wconf 84' lang='lat' dir='ltr'>Atheniensium</span> <span class='ocrx_word' id='word_1_70' title='bbox 681 1479 780 1537; x_wconf 89' lang='lat' dir='ltr'>emitti</span> <span class='ocrx_word' id='word_1_71' title='bbox 801 1485 933 1552; x_wconf 90' lang='lat' dir='ltr'>poterat,</span> <span class='ocrx_word' id='word_1_72' title='bbox 957 1479 1018 1536; x_wconf 88' lang='lat' dir='ltr'>nisi</span> <span class='ocrx_word' id='word_1_73' title='bbox 1039 1481 1213 1554; x_wconf 89' lang='lat' dir='ltr'>pecuniam,</span> 
     </span>
     <span class='ocr_line' id='line_1_12' title="bbox 162 1576 1213 1652; baseline 0 -18"><span class='ocrx_word' id='word_1_74' title='bbox 162 1597 222 1652; x_wconf 91' lang='lat' dir='ltr'>qua</span> <span class='ocrx_word' id='word_1_75' title='bbox 237 1583 324 1652; x_wconf 89' lang='lat' dir='ltr'>pater</span> <span class='ocrx_word' id='word_1_76' title='bbox 335 1577 480 1635; x_wconf 89' lang='lat' dir='ltr'>multatus</span> <span class='ocrx_word' id='word_1_77' title='bbox 496 1582 573 1646; x_wconf 87' lang='lat' dir='ltr'>erat,</span> <span class='ocrx_word' id='word_1_78' title='bbox 586 1577 742 1635; x_wconf 88' lang='lat' dir='ltr'>solvisset.</span> <span class='ocrx_word' id='word_1_79' title='bbox 786 1576 932 1635; x_wconf 82' lang='lat' dir='ltr'>Habebat</span> <span class='ocrx_word' id='word_1_80' title='bbox 947 1583 1047 1634; x_wconf 87' lang='lat' dir='ltr'>autem</span> <span class='ocrx_word' id='word_1_81' title='bbox 1064 1577 1095 1634; x_wconf 93' lang='lat' dir='ltr'>in</span> <span class='ocrx_word' id='word_1_82' title='bbox 1109 1579 1213 1634; x_wconf 89' lang='lat' dir='ltr'>matri-</span> 
     </span>
     <span class='ocr_line' id='line_1_13' title="bbox 162 1674 1212 1750; baseline -0.002 -18"><span class='ocrx_word' id='word_1_83' title='bbox 162 1676 265 1732; x_wconf 92' lang='lat' dir='ltr'>monio</span> <span class='ocrx_word' id='word_1_84' title='bbox 293 1693 428 1732; x_wconf 87' lang='lat' dir='ltr'>sororem</span> <span class='ocrx_word' id='word_1_85' title='bbox 459 1692 636 1750; x_wconf 86' lang='lat' dir='ltr'>germanam</span> <span class='ocrx_word' id='word_1_86' title='bbox 664 1692 762 1743; x_wconf 89' lang='lat' dir='ltr'>suam,</span> <span class='ocrx_word' id='word_1_87' title='bbox 793 1674 914 1731; x_wconf 92' lang='lat' dir='ltr'>nomine</span> <span class='ocrx_word' id='word_1_88' title='bbox 946 1675 1119 1748; x_wconf 87' lang='lat' dir='ltr'>Elpinicen,</span> <span class='ocrx_word' id='word_1_89' title='bbox 1150 1692 1212 1732; x_wconf 95' lang='lat' dir='ltr'>non</span> 
     </span>
     <span class='ocr_line' id='line_1_14' title="bbox 162 1772 1214 1848; baseline -0.002 -19"><span class='ocrx_word' id='word_1_90' title='bbox 162 1773 261 1848; x_wconf 85' lang='lat' dir='ltr'>magis</span> <span class='ocrx_word' id='word_1_91' title='bbox 289 1790 391 1829; x_wconf 87' lang='lat' dir='ltr'>amore</span> <span class='ocrx_word' id='word_1_92' title='bbox 415 1790 507 1844; x_wconf 92' lang='lat' dir='ltr'>quam</span> <span class='ocrx_word' id='word_1_93' title='bbox 535 1789 618 1828; x_wconf 91' lang='lat' dir='ltr'>more</span> <span class='ocrx_word' id='word_1_94' title='bbox 645 1772 774 1828; x_wconf 88' lang='lat' dir='ltr'>ductus:</span> <span class='ocrx_word' id='word_1_95' title='bbox 811 1789 942 1844; x_wconf 90' lang='lat' dir='ltr'>namque</span> <span class='ocrx_word' id='word_1_96' title='bbox 970 1772 1214 1828; x_wconf 87' lang='lat' dir='ltr'>Atheniensibus</span> 
     </span>
     <span class='ocr_line' id='line_1_15' title="bbox 162 1869 1215 1944; baseline -0.001 -17"><span class='ocrx_word' id='word_1_97' title='bbox 162 1870 233 1927; x_wconf 86' lang='lat' dir='ltr'>licet</span> <span class='ocrx_word' id='word_1_98' title='bbox 247 1871 354 1927; x_wconf 89' lang='lat' dir='ltr'>eodem</span> <span class='ocrx_word' id='word_1_99' title='bbox 369 1875 456 1944; x_wconf 89' lang='lat' dir='ltr'>patre</span> <span class='ocrx_word' id='word_1_100' title='bbox 471 1873 561 1926; x_wconf 85' lang='lat' dir='ltr'>natas</span> <span class='ocrx_word' id='word_1_101' title='bbox 577 1886 688 1925; x_wconf 85' lang='lat' dir='ltr'>uxores</span> <span class='ocrx_word' id='word_1_102' title='bbox 702 1870 823 1926; x_wconf 88' lang='lat' dir='ltr'>ducere.</span> <span class='ocrx_word' id='word_1_103' title='bbox 862 1869 964 1942; x_wconf 86' lang='lat' dir='ltr'>Hujus</span> <span class='ocrx_word' id='word_1_104' title='bbox 979 1869 1114 1944; x_wconf 88' lang='lat' dir='ltr'>conjugii</span> <span class='ocrx_word' id='word_1_105' title='bbox 1129 1869 1215 1943; x_wconf 81' lang='lat' dir='ltr'>cupi.-</span> 
     </span>
     <span class='ocr_line' id='line_1_16' title="bbox 162 1966 1212 2041; baseline -0.003 -16"><span class='ocrx_word' id='word_1_106' title='bbox 162 1969 220 2025; x_wconf 91' lang='lat' dir='ltr'>dus</span> <span class='ocrx_word' id='word_1_107' title='bbox 242 1966 356 2025; x_wconf 91' lang='lat' dir='ltr'>Callias</span> <span class='ocrx_word' id='word_1_108' title='bbox 377 1967 512 2040; x_wconf 91' lang='lat' dir='ltr'>quidam,</span> <span class='ocrx_word' id='word_1_109' title='bbox 536 1984 597 2022; x_wconf 95' lang='lat' dir='ltr'>non</span> <span class='ocrx_word' id='word_1_110' title='bbox 623 1973 685 2022; x_wconf 86' lang='lat' dir='ltr'>tam</span> <span class='ocrx_word' id='word_1_111' title='bbox 711 1983 878 2041; x_wconf 83' lang='lat' dir='ltr'>generosus</span> <span class='ocrx_word' id='word_1_112' title='bbox 899 1984 990 2040; x_wconf 88' lang='lat' dir='ltr'>quam</span> <span class='ocrx_word' id='word_1_113' title='bbox 1015 1966 1212 2040; x_wconf 85' lang='lat' dir='ltr'>pecuniosus,</span> 
     </span>
     <span class='ocr_line' id='line_1_17' title="bbox 162 2061 1214 2141; baseline -0.001 -20"><span class='ocrx_word' id='word_1_114' title='bbox 162 2066 214 2139; x_wconf 85' lang='lat' dir='ltr'>qui</span> <span class='ocrx_word' id='word_1_115' title='bbox 235 2082 363 2141; x_wconf 85' lang='lat' dir='ltr'>magnas</span> <span class='ocrx_word' id='word_1_116' title='bbox 385 2063 530 2139; x_wconf 89' lang='lat' dir='ltr'>pecunias</span> <span class='ocrx_word' id='word_1_117' title='bbox 552 2081 592 2120; x_wconf 90' lang='lat' dir='ltr'>ex</span> <span class='ocrx_word' id='word_1_118' title='bbox 613 2062 744 2120; x_wconf 86' lang='lat' dir='ltr'>metallis</span> <span class='ocrx_word' id='word_1_119' title='bbox 766 2064 893 2132; x_wconf 83' lang='lat' dir='ltr'>fecerat,</span> <span class='ocrx_word' id='word_1_120' title='bbox 911 2063 975 2139; x_wconf 84' lang='lat' dir='ltr'>egit</span> <span class='ocrx_word' id='word_1_121' title='bbox 996 2080 1064 2120; x_wconf 89' lang='lat' dir='ltr'>cum</span> <span class='ocrx_word' id='word_1_122' title='bbox 1085 2061 1214 2120; x_wconf 90' lang='lat' dir='ltr'>Cimone</span> 
     </span>
     <span class='ocr_line' id='line_1_18' title="bbox 164 2160 1214 2235; baseline -0.002 -16"><span class='ocrx_word' id='word_1_123' title='bbox 164 2169 197 2222; x_wconf 88' lang='lat' dir='ltr'>ut</span> <span class='ocrx_word' id='word_1_124' title='bbox 211 2182 278 2220; x_wconf 91' lang='lat' dir='ltr'>eam</span> <span class='ocrx_word' id='word_1_125' title='bbox 293 2163 350 2219; x_wconf 89' lang='lat' dir='ltr'>sibi</span> <span class='ocrx_word' id='word_1_126' title='bbox 362 2180 489 2219; x_wconf 80' lang='lat' dir='ltr'>uxorem</span> <span class='ocrx_word' id='word_1_127' title='bbox 503 2162 608 2218; x_wconf 90' lang='lat' dir='ltr'>daret:</span> <span class='ocrx_word' id='word_1_128' title='bbox 631 2162 662 2218; x_wconf 93' lang='lat' dir='ltr'>id</span> <span class='ocrx_word' id='word_1_129' title='bbox 678 2161 704 2217; x_wconf 88' lang='lat' dir='ltr'>si</span> <span class='ocrx_word' id='word_1_130' title='bbox 718 2162 923 2234; x_wconf 82' lang='lat' dir='ltr'>impetrasset,</span> <span class='ocrx_word' id='word_1_131' title='bbox 938 2179 970 2218; x_wconf 90' lang='lat' dir='ltr'>se</span> <span class='ocrx_word' id='word_1_132' title='bbox 986 2179 1041 2235; x_wconf 91' lang='lat' dir='ltr'>pro</span> <span class='ocrx_word' id='word_1_133' title='bbox 1056 2160 1109 2217; x_wconf 92' lang='lat' dir='ltr'>illo</span> <span class='ocrx_word' id='word_1_134' title='bbox 1122 2178 1214 2235; x_wconf 89' lang='lat' dir='ltr'>pecu-</span> 
     </span>
     <span class='ocr_line' id='line_1_19' title="bbox 163 2258 1211 2332; baseline -0.004 -15"><span class='ocrx_word' id='word_1_135' title='bbox 163 2262 245 2317; x_wconf 91' lang='lat' dir='ltr'>niam</span> <span class='ocrx_word' id='word_1_136' title='bbox 266 2260 444 2317; x_wconf 89' lang='lat' dir='ltr'>soluturum.</span> <span class='ocrx_word' id='word_1_137' title='bbox 494 2258 527 2315; x_wconf 90' lang='lat' dir='ltr'>Is</span> <span class='ocrx_word' id='word_1_138' title='bbox 549 2276 617 2315; x_wconf 91' lang='lat' dir='ltr'>curn</span> <span class='ocrx_word' id='word_1_139' title='bbox 639 2258 732 2315; x_wconf 84' lang='lat' dir='ltr'>talem</span> <span class='ocrx_word' id='word_1_140' title='bbox 753 2258 964 2318; x_wconf 89' lang='lat' dir='ltr'>condicionem</span> <span class='ocrx_word' id='word_1_141' title='bbox 984 2262 1211 2332; x_wconf 86' lang='lat' dir='ltr'>aspernaretur,</span> 
     </span>
     <span class='ocr_line' id='line_1_20' title="bbox 162 2354 1214 2432; baseline -0.004 -17"><span class='ocrx_word' id='word_1_142' title='bbox 162 2358 302 2432; x_wconf 86' lang='lat' dir='ltr'>Elpinice</span> <span class='ocrx_word' id='word_1_143' title='bbox 324 2356 449 2431; x_wconf 81' lang='lat' dir='ltr'>negarit</span> <span class='ocrx_word' id='word_1_144' title='bbox 470 2373 502 2411; x_wconf 90' lang='lat' dir='ltr'>se</span> <span class='ocrx_word' id='word_1_145' title='bbox 524 2372 683 2429; x_wconf 89' lang='lat' dir='ltr'>passuram</span> <span class='ocrx_word' id='word_1_146' title='bbox 698 2354 849 2411; x_wconf 87' lang='lat' dir='ltr'>Miltiadis</span> <span class='ocrx_word' id='word_1_147' title='bbox 865 2354 1040 2431; x_wconf 87' lang='lat' dir='ltr'>progeniem</span> <span class='ocrx_word' id='word_1_148' title='bbox 1056 2355 1088 2411; x_wconf 92' lang='lat' dir='ltr'>in</span> <span class='ocrx_word' id='word_1_149' title='bbox 1102 2354 1214 2413; x_wconf 88' lang='lat' dir='ltr'>vinclis</span> 
     </span>
     <span class='ocr_line' id='line_1_21' title="bbox 163 2449 1213 2529; baseline -0.004 -18"><span class='ocrx_word' id='word_1_150' title='bbox 163 2454 293 2529; x_wconf 90' lang='lat' dir='ltr'>publicis</span> <span class='ocrx_word' id='word_1_151' title='bbox 319 2452 453 2522; x_wconf 90' lang='lat' dir='ltr'>interire,</span> <span class='ocrx_word' id='word_1_152' title='bbox 480 2452 624 2526; x_wconf 87' lang='lat' dir='ltr'>quoniam</span> <span class='ocrx_word' id='word_1_153' title='bbox 648 2452 808 2526; x_wconf 89' lang='lat' dir='ltr'>prohibere</span> <span class='ocrx_word' id='word_1_154' title='bbox 834 2457 950 2525; x_wconf 86' lang='lat' dir='ltr'>posset,</span> <span class='ocrx_word' id='word_1_155' title='bbox 978 2469 1070 2525; x_wconf 91' lang='lat' dir='ltr'>seque</span> <span class='ocrx_word' id='word_1_156' title='bbox 1095 2449 1213 2509; x_wconf 87' lang='lat' dir='ltr'>Calliae</span> 
     </span>
     <span class='ocr_line' id='line_1_22' title="bbox 163 2548 957 2625; baseline -0.003 -17"><span class='ocrx_word' id='word_1_157' title='bbox 163 2559 337 2625; x_wconf 84' lang='lat' dir='ltr'>nupturam,</span> <span class='ocrx_word' id='word_1_158' title='bbox 354 2550 380 2605; x_wconf 92' lang='lat' dir='ltr'>si</span> <span class='ocrx_word' id='word_1_159' title='bbox 395 2568 432 2606; x_wconf 91' lang='lat' dir='ltr'>ea</span> <span class='ocrx_word' id='word_1_160' title='bbox 445 2566 523 2622; x_wconf 90' lang='lat' dir='ltr'>quae</span> <span class='ocrx_word' id='word_1_161' title='bbox 536 2548 729 2622; x_wconf 87' lang='lat' dir='ltr'>polliceretur·</span> <span class='ocrx_word' id='word_1_162' title='bbox 744 2548 957 2623; x_wconf 90' lang='lat' dir='ltr'>praestitisset.</span> 
     </span>
    </p>

    <p class='ocr_par' dir='ltr' id='par_1_5' title="bbox 162 2644 1214 3788">
     <span class='ocr_line' id='line_1_23' title="bbox 203 2644 1214 2719; baseline -0.004 -14"><span class='ocrx_word' id='word_1_163' title='bbox 203 2648 272 2705; x_wconf 88' lang='lat' dir='ltr'>Tali</span> <span class='ocrx_word' id='word_1_164' title='bbox 293 2647 384 2704; x_wconf 91' lang='lat' dir='ltr'>modo</span> <span class='ocrx_word' id='word_1_165' title='bbox 405 2645 546 2704; x_wconf 88' lang='lat' dir='ltr'>custodia</span> <span class='ocrx_word' id='word_1_166' title='bbox 566 2646 713 2703; x_wconf 85' lang='lat' dir='ltr'>liberatus</span> <span class='ocrx_word' id='word_1_167' title='bbox 728 2644 837 2703; x_wconf 85' lang='lat' dir='ltr'>Cimon</span> <span class='ocrx_word' id='word_1_168' title='bbox 852 2646 991 2703; x_wconf 85' lang='lat' dir='ltr'>celeriter</span> <span class='ocrx_word' id='word_1_169' title='bbox 1006 2645 1046 2702; x_wconf 91' lang='lat' dir='ltr'>ad</span> <span class='ocrx_word' id='word_1_170' title='bbox 1060 2645 1214 2719; x_wconf 89' lang='lat' dir='ltr'>principa·</span> 
     </span>
     <span class='ocr_line' id='line_1_24' title="bbox 163 2742 1213 2819; baseline -0.004 -17"><span class='ocrx_word' id='word_1_171' title='bbox 163 2751 228 2803; x_wconf 91' lang='lat' dir='ltr'>tum</span> <span class='ocrx_word' id='word_1_172' title='bbox 256 2743 405 2819; x_wconf 86' lang='lat' dir='ltr'>pervenit.</span> <span class='ocrx_word' id='word_1_173' title='bbox 460 2743 605 2799; x_wconf 88' lang='lat' dir='ltr'>Habebat</span> <span class='ocrx_word' id='word_1_174' title='bbox 632 2743 712 2799; x_wconf 91' lang='lat' dir='ltr'>enim</span> <span class='ocrx_word' id='word_1_175' title='bbox 739 2743 814 2800; x_wconf 88' lang='lat' dir='ltr'>satis</span> <span class='ocrx_word' id='word_1_176' title='bbox 837 2742 1039 2816; x_wconf 83' lang='lat' dir='ltr'>eloquentiae,</span> <span class='ocrx_word' id='word_1_177' title='bbox 1063 2759 1213 2798; x_wconf 87' lang='lat' dir='ltr'>summam</span> 
     </span>
     <span class='ocr_line' id='line_1_25' title="bbox 163 2837 1214 2915; baseline -0.004 -16"><span class='ocrx_word' id='word_1_178' title='bbox 163 2842 388 2909; x_wconf 86' lang='lat' dir='ltr'>liberalitatem,</span> <span class='ocrx_word' id='word_1_179' title='bbox 404 2857 547 2915; x_wconf 86' lang='lat' dir='ltr'>magnam</span> <span class='ocrx_word' id='word_1_180' title='bbox 563 2840 756 2913; x_wconf 91' lang='lat' dir='ltr'>prudentiam</span> <span class='ocrx_word' id='word_1_181' title='bbox 776 2857 845 2896; x_wconf 92' lang='lat' dir='ltr'>cum</span> <span class='ocrx_word' id='word_1_182' title='bbox 865 2840 941 2913; x_wconf 90' lang='lat' dir='ltr'>juris</span> <span class='ocrx_word' id='word_1_183' title='bbox 963 2837 1061 2897; x_wconf 90' lang='lat' dir='ltr'>civilis</span> <span class='ocrx_word' id='word_1_184' title='bbox 1083 2844 1148 2896; x_wconf 91' lang='lat' dir='ltr'>tum</span> <span class='ocrx_word' id='word_1_185' title='bbox 1169 2840 1214 2896; x_wconf 94' lang='lat' dir='ltr'>rei</span> 
     </span>
     <span class='ocr_line' id='line_1_26' title="bbox 163 2936 1214 3011; baseline -0.003 -16"><span class='ocrx_word' id='word_1_186' title='bbox 163 2938 314 3007; x_wconf 64' lang='lat' dir='ltr'>militaria</span> <span class='ocrx_word' id='word_1_187' title='bbox 327 2938 409 3011; x_wconf 90' lang='lat' dir='ltr'>quod</span> <span class='ocrx_word' id='word_1_188' title='bbox 423 2955 491 2994; x_wconf 91' lang='lat' dir='ltr'>cnm</span> <span class='ocrx_word' id='word_1_189' title='bbox 506 2943 593 3010; x_wconf 90' lang='lat' dir='ltr'>patre</span> <span class='ocrx_word' id='word_1_190' title='bbox 608 2954 627 2993; x_wconf 87' lang='lat' dir='ltr'>a</span> <span class='ocrx_word' id='word_1_191' title='bbox 642 2954 737 3010; x_wconf 91' lang='lat' dir='ltr'>puero</span> <span class='ocrx_word' id='word_1_192' title='bbox 751 2937 783 2992; x_wconf 92' lang='lat' dir='ltr'>in</span> <span class='ocrx_word' id='word_1_193' title='bbox 799 2936 984 2993; x_wconf 88' lang='lat' dir='ltr'>exercitibus</span> <span class='ocrx_word' id='word_1_194' title='bbox 999 2937 1099 2993; x_wconf 84' lang='lat' dir='ltr'>fuerat</span> <span class='ocrx_word' id='word_1_195' title='bbox 1110 2953 1214 2993; x_wconf 89' lang='lat' dir='ltr'>versa·</span> 
     </span>
     <span class='ocr_line' id='line_1_27' title="bbox 163 3033 1213 3109; baseline -0.004 -16"><span class='ocrx_word' id='word_1_196' title='bbox 163 3043 224 3094; x_wconf 80' lang='lat' dir='ltr'>tus</span> <span class='ocrx_word' id='word_1_197' title='bbox 269 3036 377 3109; x_wconf 88' lang='lat' dir='ltr'>Itaque</span> <span class='ocrx_word' id='word_1_198' title='bbox 393 3034 441 3091; x_wconf 89' lang='lat' dir='ltr'>hic</span> <span class='ocrx_word' id='word_1_199' title='bbox 456 3040 487 3091; x_wconf 89' lang='lat' dir='ltr'>et</span> <span class='ocrx_word' id='word_1_200' title='bbox 501 3034 647 3109; x_wconf 91' lang='lat' dir='ltr'>populum</span> <span class='ocrx_word' id='word_1_201' title='bbox 661 3034 811 3090; x_wconf 90' lang='lat' dir='ltr'>urbanum</span> <span class='ocrx_word' id='word_1_202' title='bbox 827 3033 856 3089; x_wconf 91' lang='lat' dir='ltr'>in</span> <span class='ocrx_word' id='word_1_203' title='bbox 873 3051 928 3090; x_wconf 89' lang='lat' dir='ltr'>sua</span> <span class='ocrx_word' id='word_1_204' title='bbox 943 3034 1042 3090; x_wconf 89' lang='lat' dir='ltr'>tenuit</span> <span class='ocrx_word' id='word_1_205' title='bbox 1059 3038 1213 3107; x_wconf 88' lang='lat' dir='ltr'>potestate</span> 
     </span>
     <span class='ocr_line' id='line_1_28' title="bbox 164 3129 1214 3207; baseline -0.006 -16"><span class='ocrx_word' id='word_1_206' title='bbox 164 3139 195 3191; x_wconf 93' lang='lat' dir='ltr'>et</span> <span class='ocrx_word' id='word_1_207' title='bbox 220 3133 300 3207; x_wconf 90' lang='lat' dir='ltr'>apud</span> <span class='ocrx_word' id='word_1_208' title='bbox 327 3132 493 3191; x_wconf 86' lang='lat' dir='ltr'>exercitum</span> <span class='ocrx_word' id='word_1_209' title='bbox 519 3130 680 3205; x_wconf 91' lang='lat' dir='ltr'>plurimum</span> <span class='ocrx_word' id='word_1_210' title='bbox 706 3130 801 3187; x_wconf 85' lang='lat' dir='ltr'>valuit</span> <span class='ocrx_word' id='word_1_211' title='bbox 830 3130 1023 3188; x_wconf 88' lang='lat' dir='ltr'>auctoritate.</span> <span class='ocrx_word' id='word_1_212' title='bbox 1077 3129 1214 3186; x_wconf 91' lang='lat' dir='ltr'>Primum</span> 
     </span>
     <span class='ocr_line' id='line_1_29' title="bbox 164 3226 1213 3306; baseline -0.006 -18"><span class='ocrx_word' id='word_1_213' title='bbox 164 3232 327 3306; x_wconf 90' lang='lat' dir='ltr'>imperator</span> <span class='ocrx_word' id='word_1_214' title='bbox 349 3230 430 3304; x_wconf 89' lang='lat' dir='ltr'>apud</span> <span class='ocrx_word' id='word_1_215' title='bbox 455 3230 564 3285; x_wconf 89' lang='lat' dir='ltr'>flumen</span> <span class='ocrx_word' id='word_1_216' title='bbox 588 3226 754 3304; x_wconf 84' lang='lat' dir='ltr'>Strymona</span> <span class='ocrx_word' id='word_1_217' title='bbox 778 3244 906 3304; x_wconf 86' lang='lat' dir='ltr'>magnas</span> <span class='ocrx_word' id='word_1_218' title='bbox 932 3228 1037 3301; x_wconf 87' lang='lat' dir='ltr'>copias</span> <span class='ocrx_word' id='word_1_219' title='bbox 1059 3226 1213 3283; x_wconf 86' lang='lat' dir='ltr'>Thracum</span> 
     </span>
     <span class='ocr_line' id='line_1_30' title="bbox 163 3323 1214 3404; baseline -0.007 -18"><span class='ocrx_word' id='word_1_220' title='bbox 163 3328 296 3404; x_wconf 84' lang='lat' dir='ltr'>fugavit,</span> <span class='ocrx_word' id='word_1_221' title='bbox 313 3326 459 3401; x_wconf 88' lang='lat' dir='ltr'>oppidum</span> <span class='ocrx_word' id='word_1_222' title='bbox 473 3325 683 3399; x_wconf 85' lang='lat' dir='ltr'>Amphipolim</span> <span class='ocrx_word' id='word_1_223' title='bbox 704 3324 865 3382; x_wconf 87' lang='lat' dir='ltr'>constituit</span> <span class='ocrx_word' id='word_1_224' title='bbox 885 3342 981 3398; x_wconf 91' lang='lat' dir='ltr'>eoque</span> <span class='ocrx_word' id='word_1_225' title='bbox 1003 3325 1109 3381; x_wconf 91' lang='lat' dir='ltr'>decem</span> <span class='ocrx_word' id='word_1_226' title='bbox 1130 3323 1214 3380; x_wconf 88' lang='lat' dir='ltr'>milia</span> 
     </span>
     <span class='ocr_line' id='line_1_31' title="bbox 162 3408 1214 3495; baseline -0.007 -12"><span class='ocrx_word' id='word_1_227' title='bbox 162 3424 399 3483; x_wconf 91' lang='lat' dir='ltr'>Atheniensium</span> <span class='ocrx_word' id='word_1_228' title='bbox 414 3423 445 3479; x_wconf 92' lang='lat' dir='ltr'>in</span> <span class='ocrx_word' id='word_1_229' title='bbox 457 3423 608 3481; x_wconf 90' lang='lat' dir='ltr'>coloniam</span> <span class='ocrx_word' id='word_1_230' title='bbox 623 3422 716 3479; x_wconf 90' lang='lat' dir='ltr'>misit.</span> <span class='ocrx_word' id='word_1_231' title='bbox 754 3408 840 3479; x_wconf 89' lang='lat' dir='ltr'>Idem</span> <span class='ocrx_word' id='word_1_232' title='bbox 852 3421 960 3479; x_wconf 90' lang='lat' dir='ltr'>iterum</span> <span class='ocrx_word' id='word_1_233' title='bbox 977 3422 1057 3495; x_wconf 91' lang='lat' dir='ltr'>apud</span> <span class='ocrx_word' id='word_1_234' title='bbox 1069 3420 1214 3495; x_wconf 73' lang='lat' dir='ltr'>Mycalen</span> 
     </span>
     <span class='ocr_line' id='line_1_32' title="bbox 164 3517 1214 3599; baseline -0.007 -18"><span class='ocrx_word' id='word_1_235' title='bbox 164 3522 345 3599; x_wconf 89' lang='lat' dir='ltr'>Cypriorum</span> <span class='ocrx_word' id='word_1_236' title='bbox 361 3526 392 3577; x_wconf 93' lang='lat' dir='ltr'>et</span> <span class='ocrx_word' id='word_1_237' title='bbox 405 3520 592 3578; x_wconf 89' lang='lat' dir='ltr'>Phoenicum</span> <span class='ocrx_word' id='word_1_238' title='bbox 606 3520 807 3577; x_wconf 89' lang='lat' dir='ltr'>ducentarum</span> <span class='ocrx_word' id='word_1_239' title='bbox 822 3519 944 3578; x_wconf 87' lang='lat' dir='ltr'>navium</span> <span class='ocrx_word' id='word_1_240' title='bbox 966 3519 1095 3577; x_wconf 87' lang='lat' dir='ltr'>classem</span> <span class='ocrx_word' id='word_1_241' title='bbox 1112 3517 1214 3576; x_wconf 87' lang='lat' dir='ltr'>devic-</span> 
     </span>
     <span class='ocr_line' id='line_1_33' title="bbox 164 3617 1211 3693; baseline -0.007 -16"><span class='ocrx_word' id='word_1_242' title='bbox 164 3627 228 3677; x_wconf 90' lang='lat' dir='ltr'>tam</span> <span class='ocrx_word' id='word_1_243' title='bbox 255 3620 337 3693; x_wconf 91' lang='lat' dir='ltr'>cepit</span> <span class='ocrx_word' id='word_1_244' title='bbox 364 3618 530 3690; x_wconf 92' lang='lat' dir='ltr'>eodemque</span> <span class='ocrx_word' id='word_1_245' title='bbox 559 3617 608 3674; x_wconf 90' lang='lat' dir='ltr'>die</span> <span class='ocrx_word' id='word_1_246' title='bbox 636 3618 701 3691; x_wconf 89' lang='lat' dir='ltr'>pari</span> <span class='ocrx_word' id='word_1_247' title='bbox 731 3618 857 3673; x_wconf 84' lang='lat' dir='ltr'>fortuna</span> <span class='ocrx_word' id='word_1_248' title='bbox 882 3618 912 3673; x_wconf 93' lang='lat' dir='ltr'>in</span> <span class='ocrx_word' id='word_1_249' title='bbox 941 3622 1022 3674; x_wconf 88' lang='lat' dir='ltr'>terra</span> <span class='ocrx_word' id='word_1_250' title='bbox 1050 3632 1123 3672; x_wconf 88' lang='lat' dir='ltr'>usus</span> <span class='ocrx_word' id='word_1_251' title='bbox 1153 3619 1211 3671; x_wconf 90' lang='lat' dir='ltr'>est.</span> 
     </span>
     <span class='ocr_line' id='line_1_34' title="bbox 164 3712 1214 3788; baseline -0.006 -14"><span class='ocrx_word' id='word_1_252' title='bbox 164 3716 305 3788; x_wconf 89' lang='lat' dir='ltr'>Namque</span> <span class='ocrx_word' id='word_1_253' title='bbox 319 3713 455 3771; x_wconf 89' lang='lat' dir='ltr'>hostium</span> <span class='ocrx_word' id='word_1_254' title='bbox 469 3712 599 3769; x_wconf 86' lang='lat' dir='ltr'>navibus</span> <span class='ocrx_word' id='word_1_255' title='bbox 614 3714 714 3787; x_wconf 87' lang='lat' dir='ltr'>captis</span> <span class='ocrx_word' id='word_1_256' title='bbox 730 3713 833 3769; x_wconf 90' lang='lat' dir='ltr'>statim</span> <span class='ocrx_word' id='word_1_257' title='bbox 849 3731 887 3769; x_wconf 86' lang='lat' dir='ltr'>ex</span> <span class='ocrx_word' id='word_1_258' title='bbox 903 3712 1001 3770; x_wconf 87' lang='lat' dir='ltr'>classe</span> <span class='ocrx_word' id='word_1_259' title='bbox 1017 3712 1121 3787; x_wconf 89' lang='lat' dir='ltr'>copias</span> <span class='ocrx_word' id='word_1_260' title='bbox 1141 3728 1214 3768; x_wconf 85' lang='lat' dir='ltr'>suas</span> 
     </span>
    </p>
   </div>
   <div class='ocr_carea' id='block_1_5' title="bbox 0 0 1416 4300">
    <p class='ocr_par' dir='ltr' id='par_1_6' title="bbox 0 0 1416 4300">
     <span class='ocr_line' id='line_1_35' title="bbox 0 0 1416 4300; baseline 0 0"><span class='ocrx_word' id='word_1_261' title='bbox 0 0 1416 4300; x_wconf 95' lang='lat' dir='ltr'> </span> 
     </span>
    </p>
   </div>
  </div>
 </body>
</html>
