2817 4300
184 381 247 444 186
367 399 587 446 smnorrons
610 398 847 446 raomnnrnv
870 399 1053 447 aurflons.

184 566 250 622 sola
275 584 329 640 spe
354 567 384 622 in
409 567 508 623 fundo
533 566 675 642 capsulae
701 565 818 625 relicta.
862 567 945 624 Hinc
970 573 1055 625 aetas
1080 569 1181 627 ferrea
1204 576 1236 630 et

184 664 332 720 scelerum
347 663 493 721 colluvies
509 670 582 721 nata
597 669 654 721 est.

223 761 336 818 lovem
349 779 411 818 non
427 761 567 819 nnumin
582 760 674 820 Creta
692 779 839 838 regnasse
861 763 1019 821 doctorum
1041 763 1144 837 opinio
1166 771 1233 823 est:

183 860 319 915 omnium
339 859 568 917 celeberrimum
582 849 760 918 Abrahamo
783 877 946 934 supparem
968 861 1120 918 Eusebius
1142 862 1230 919 facit.

182 958 307 1015 Patrem
321 959 465 1033 spoliavit
478 978 584 1036 regno,
601 960 684 1033 quod
698 959 742 1016 ita
756 978 825 1016 cum
840 959 904 1016 suis
919 959 1063 1015 fratribus
1086 959 1233 1033 Neptuno

184 1062 215 1113 et
236 1057 366 1114 Plutone
388 1060 503 1129 divisit,
525 1066 558 1117 ut
579 1060 637 1133 ipsi
658 1060 800 1136 regiones
821 1060 860 1116 ad
882 1065 981 1116 ortum
1003 1059 1092 1128 sitae,
1109 1059 1233 1116 Plutoni

182 1157 311 1213 occidua
326 1176 396 1231 pars
413 1159 542 1229 insulae,
560 1159 709 1232 Neptuno
728 1159 870 1216 maritimi
892 1164 1019 1228 tractuS,
1037 1159 1229 1216 obvenerint.

183 1255 265 1312 Hinc
278 1256 433 1330 luppiter,
450 1258 538 1327 coeli,
556 1258 719 1331 Neptunus
741 1264 846 1316 nectar
865 1258 938 1316 Jovi
960 1258 1075 1314 tamdiu
1097 1258 1231 1327 miscuit,

182 1353 253 1408 dum
283 1356 348 1427 ejus
375 1354 475 1412 locum
504 1355 702 1424 Ganimedes,
733 1375 751 1412 a
777 1357 858 1414 Jove
887 1355 917 1412 in
947 1357 1078 1430 aquilam
1113 1362 1234 1414 mutato

181 1456 300 1524 raptus,
313 1453 485 1525 occupavit.
523 1454 629 1510 Edidit
640 1454 732 1510 etiam
743 1455 763 1511 J
765 1472 826 1510 uno
841 1453 973 1511 Martem
984 1453 1055 1511 belli
1067 1471 1232 1510 armorum-

182 1565 240 1620 que
268 1550 451 1623 praesidem,
475 1552 562 1623 cujus
591 1569 677 1608 soror
704 1550 843 1621 Bellona,
868 1552 932 1608 sive
960 1553 1067 1628 Enyo:
1087 1539 1233 1625 'denique

181 1645 363 1715 Vulcanum,
394 1648 450 1704 sed
477 1648 640 1705 distortum
667 1654 698 1706 et
733 1649 903 1706 informem.
948 1649 1076 1706 Horruit
1109 1655 1232 1722 partum

181 1742 362 1818 degenerem
383 1745 537 1819 Juppiter,
560 1751 592 1802 et
616 1745 697 1802 ealce
721 1746 751 1802 in
773 1751 869 1803 terras
895 1747 1017 1819 dejecit.
1060 1745 1230 1816 Vulcanus,

181 1857 267 1897 crure
284 1841 363 1898 inter
377 1843 547 1899 cadendum
561 1844 670 1912 fracto,
688 1843 813 1901 claudus
829 1845 984 1902 remansit.
1028 1844 1180 1916 luppiter,
1197 1850 1232 1901 ut

182 1937 380 1995 infortunium
402 1939 459 1996 hoc
480 1939 641 2010 solaretur,
664 1940 749 1997 illum
774 1942 924 2015 praefecit
952 1941 1140 1998 fabricandis
1169 1941 1230 1997 iul-

180 2034 323 2091 minibus.
367 2035 512 2094 Officinae
540 2038 681 2106 Vulcani,
707 2039 848 2106 Lemnos,
874 2039 996 2112 Lipara,
1024 2039 1146 2105 Aetna;
1176 2039 1230 2095 ad·

180 2132 296 2205 jutores
318 2138 349 2191 et
369 2135 541 2193 administri
561 2136 646 2193 fuere
670 2134 831 2211 Cyclopes,
859 2137 902 2193 ita
923 2135 1008 2206 dicti,
1033 2136 1114 2210 quod
1135 2154 1230 2192 unum

180 2230 210 2285 in
225 2231 328 2287 fronte
343 2233 442 2289 media
456 2233 576 2290 oculum
586 2235 747 2293 haberent.

221 2326 382 2386 Caeterum
396 2332 531 2387 offensus
545 2332 689 2405 duppiter
703 2337 735 2388 et
756 2332 932 2407 arrogantia
946 2331 1089 2401 lunonis,
1106 2337 1137 2388 et
1158 2348 1227 2405 pos-

179 2429 277 2482 tremo
292 2432 392 2499 partu,
413 2445 481 2483 eam
502 2428 654 2496 fastidire,
676 2434 767 2501 atque
791 2429 866 2485 alias
883 2446 984 2485 amare
1006 2429 1116 2502 coepit.
1160 2428 1228 2485 Imo

179 2521 348 2592 Palladem,
372 2542 388 2581 e
410 2525 543 2581 fecundo
565 2527 664 2599 capite
687 2526 879 2600 productam,
902 2526 982 2582 bello
1004 2524 1117 2598 pariter
1142 2543 1228 2599 prae·

178 2637 258 2688 esse,
285 2620 455 2694 litterisque
476 2622 581 2679 voluit.
625 2623 726 2698 Vulgo
754 2628 868 2691 tamen,
892 2640 960 2679 cuin
982 2621 1150 2679 litterarum
1180 2627 1229 2679 est

179 2734 314 2789 praeses,
331 2719 472 2775 Minerva
494 2726 696 2793 nuncupatur.
740 2718 816 2778 Olea
838 2720 897 2794 ipsi
918 2720 1020 2777 dicata
1042 2725 1118 2784 erat,
1142 2720 1227 2793 pacis

178 2815 316 2889 insigne3
348 2834 418 2871 nam
441 2820 473 2873 et
494 2834 569 2889 pace
593 2818 729 2892 gaudent
750 2817 880 2886 litterae,
905 2822 936 2873 et
957 2816 1028 2874 belli
1050 2817 1118 2872 finis
1140 2835 1226 2890 prae·

178 2912 330 2984 miumque
364 2930 428 2987 pax
463 2930 531 2970 esse
561 2914 663 2971 debet.
708 2915 759 2971 Ab
787 2914 1030 2971 Atheniensibus
1066 2914 1227 2987 praecipue

178 3008 261 3065 culta
282 3010 352 3067 fuit.
396 3011 523 3068 Interim
543 3011 627 3068 luno
648 3012 792 3069 maritum
813 3012 844 3067 in
867 3011 1009 3086 pellicum
1031 3028 1150 3067 amores
1165 3018 1225 3067 tur-

178 3105 257 3179 piter
284 3109 413 3163 effusum
447 3109 626 3179 observans,
657 3109 700 3165 illi
736 3110 893 3166 custodem
928 3108 1072 3183 apposuit
1106 3114 1227 3165 centum

177 3204 273 3260 oculis
296 3206 477 3277 praeditum,
493 3206 613 3282 Argum
633 3206 766 3264 nomine.
811 3207 978 3263 Molestum
999 3206 1227 3263 observatorem

177 3301 198 3359 J
201 3302 332 3375 uppiter,
362 3320 455 3376 opera
483 3304 637 3375 Mercurii,
666 3304 879 3372 obtruncavit3
916 3305 983 3376 ejus
1012 3304 1116 3361 oculos
1144 3304 1227 3361 Juno

178 3399 289 3457 indidit
313 3402 442 3474 pavonis
470 3402 597 3458 caudae.
641 3401 761 3477 Argum
786 3401 896 3475 ipsum,
920 3405 955 3457 ut
976 3401 1027 3457 alii
1054 3400 1172 3469 volunt,
1196 3400 1227 3457 in

177 3514 328 3571 pavonem
343 3499 482 3554 mutavit.

216 3595 349 3652 Junonis
364 3595 481 3651 famula
496 3601 528 3652 et
541 3597 648 3653 nuntia
662 3596 721 3651 Iris
737 3596 807 3665 fuit,
825 3595 964 3669 quamvis
979 3613 1104 3669 operam
1121 3594 1225 3663 maris,

176 3691 268 3749 Pluto
297 3693 460 3749 inferorum
488 3712 543 3749 rex
572 3711 742 3766 numenque
771 3694 871 3751 dictus
893 3698 950 3750 est.
995 3692 1083 3750 lovis
1105 3691 1227 3748 nomine

177 3788 259 3861 apud
281 3789 394 3847 Poetae
416 3806 469 3847 aer
489 3794 523 3845 ut
544 3790 707 3862 plurimum
728 3790 926 3864 significatur,
949 3789 1013 3845 sive
1034 3788 1171 3846 coelum:
1193 3792 1229 3845 ut
