2817 4300
185 385 225 448 36
366 397 584 446 sanncrrous
609 397 712 444 suoru
735 395 848 442 rarus
871 394 1056 443 Auruons.

166 641 169 650 ι
238 574 299 638 tos,
326 568 478 626 meliorem
507 564 770 634 1concursatione,
798 564 888 638 quam
912 561 1068 623 ²cominhs
1095 565 1235 639 militem,

239 665 340 724 emisit
364 666 395 721 in
421 665 538 722 beluas.
585 664 748 738 Ingentem
770 664 790 718 ii
813 663 873 719 vim
895 663 1024 719 telorum
1049 661 1179 737 injecere
1205 671 1237 723 et

238 764 409 836 elephantis
421 770 452 818 et
466 761 642 836 regentibus
654 778 719 817 eoS.
755 755 895 816 Phalanx
906 777 1026 832 quoque
1038 761 1152 818 instare
1164 779 1236 818 con-

239 867 357 932 stanter
379 859 493 917 territis
518 857 630 932 coepit.
679 856 740 914 Sed
767 857 892 930 quidam
917 854 1056 913 ³avidius
1083 859 1237 932 persecuti

206 965 222 1016 5
238 959 355 1027 beluas,
374 958 404 1013 in
415 953 531 1013 ⁴semet
546 951 702 1012 imitavere
715 954 901 1011 vulneribus.
935 952 1049 1011 Obtriti
1063 957 1137 1030 ergo
1150 957 1235 1030 pedi-

238 1055 296 1112 bus
307 1073 411 1112 earum
420 1053 557 1124 caeteris,
567 1057 601 1108 ut
612 1052 733 1127 parcius
745 1051 906 1119 instarent,
917 1052 999 1108 fuere
1011 1051 1234 1111 documentum.

238 1152 404 1226 Praecipue
416 1151 558 1208 terribilis
574 1150 625 1206 illa
640 1149 737 1206 facies
752 1153 828 1218 erat,
843 1145 1031 1204 chm⁶manu
1043 1167 1128 1206 arma
1139 1150 1235 1207 viros·

238 1267 296 1323 que
308 1250 504 1323 corriperent,
518 1254 549 1305 et
560 1265 652 1322 super
664 1263 696 1304 se
707 1245 885 1320 regentibus
901 1247 1067 1304 traderent.
1108 1248 1235 1322 Anceps

239 1349 312 1422 ergo
334 1363 447 1421 pugna,
464 1363 544 1403 nune
558 1341 772 1418 6sequentium
793 1360 873 1400 nunc
894 1343 1077 1419 fngientium
1092 1345 1234 1420 elephan-

186 1450 223 1501 10
239 1449 298 1513 tos,
316 1445 347 1501 in
370 1444 496 1500 multum
517 1443 577 1500 diei
593 1444 710 1500 varium
732 1449 887 1502 certamen
909 1443 1046 1500 extraxit
1066 1443 1163 1500 donec
1186 1461 1233 1500 se-

238 1542 360 1598 curibus
376 1541 423 1617 (id
437 1558 566 1614 namque
580 1558 677 1616 genus
692 1541 799 1598 auxilii
814 1546 1028 1615 praeparatum
1043 1541 1124 1610 eratl
1140 1543 1234 1616 pedes

238 1645 396 1711 amputare
425 1643 601 1710 coeperunt.
657 1635 812 1712 ⁷Copidas
840 1644 955 1697 vocant
980 1639 1099 1715 gladios
1126 1638 1235 1697 leviter

238 1741 392 1803 curvatos,
413 1731 564 1792 ⁸lalcibus
586 1735 714 1804 similes,
737 1736 847 1808 quibus
869 1738 1057 1810 appetebant
1076 1737 1234 1794 beluarum

239 1851 358 1889 manue.
411 1833 477 1890 Noc
500 1833 663 1906 quidquam
686 1833 891 1907 inexpertum,
916 1852 976 1891 non
1000 1837 1106 1892 mortis
1129 1836 1231 1905 modo,

186 1938 222 1988 15
238 1931 400 1988 sedetiam
424 1931 455 1986 in
479 1930 548 2004 ipsa
568 1935 666 1987 morte
683 1930 755 1988 novi
779 1933 931 2005 supplicii,
949 1935 1038 1990 timor
1058 1933 1230 1989 omittebat.

238 2029 321 2103 Ergo
347 2029 500 2103 elephanti
524 2027 700 2086 vulneribus
724 2030 849 2086 tandem
871 2031 991 2105 fatigati
1021 2048 1093 2086 suos
1117 2030 1233 2104 impetu

239 2131 390 2197 sternunt,
418 2131 449 2184 ct
471 2125 521 2200 qui
542 2131 687 2185 rexerant
710 2143 775 2197 eos,
796 2106 989 2201 praecipitati
1008 2127 1039 2184 in
1060 2134 1173 2185 terram
1193 2128 1232 2186 ab

237 2225 313 2298 ipsis
328 2225 557 2296 obterebantur.
602 2225 710 2298 Itaque
731 2243 874 2299 pecorum
888 2225 991 2295 m0d0,
1007 2226 1106 2302 magis
1128 2226 1233 2300 pavidi

238 2321 329 2396 quam
345 2318 471 2380 9infesti
491 2322 570 2378 ultra
588 2302 684 2379 aciem
699 2323 913 2399 exigebantur,
930 2325 998 2381 chm
1013 2325 1122 2391 Porus,
1139 2324 1232 2381 desti-

184 2427 222 2477 20
238 2425 322 2476 tutus
338 2437 356 2475 a
371 2419 518 2493 pluribuS,
535 2420 597 2476 tela
615 2420 712 2477 multo
727 2420 798 2477 ante
814 2426 1007 2495 praeparata,
1024 2422 1055 2477 in
1070 2422 1231 2478 circumfu-

238 2534 301 2585 sOS,
319 2534 358 2573 ex
380 2516 543 2589 elephanto
564 2534 619 2573 suo
641 2516 744 2590 coepit
765 2518 914 2592 ingerere,
931 2518 1094 2592 multisque
1114 2520 1231 2575 eminus

237 2614 416 2682 vulneratio,
448 2614 607 2687 expositus
637 2614 701 2687 ipse
731 2615 770 2671 ad
799 2615 878 2672 ictus
903 2616 1034 2689 undique
1057 2618 1228 2690 petebatur.

237 2712 357 2769 Novem
369 2714 433 2785 jam
448 2710 575 2767 vulnera
592 2711 662 2769 hinc
685 2718 782 2787 terg0,
799 2712 882 2770 illine
903 2719 1026 2786 pectore
1047 2719 1229 2788 exceperat:

237 2809 392 2881 multoque
418 2807 566 2883 sanguine
592 2810 731 2881 prolus0,
759 2809 911 2884 languidis
936 2810 1077 2868 manibus
1098 2808 1125 2856 -¹⁰
1134 2811 1230 2888 magis

183 2914 221 2964 25
238 2906 353 2979 elapsa,
370 2905 459 2978 quam
483 2923 613 2963 excussa
631 2905 692 2963 tela
714 2906 864 2963 mittebat.
907 2908 973 2965 Nee
996 2909 1121 2984 segnius
1142 2909 1232 2966 belua

237 3004 384 3060 instincta
411 3003 504 3072 rabie,
529 3004 664 3061 nondum
693 3004 809 3072 saucia,
832 3004 1033 3063 invehebatur
1060 3007 1229 3076 ordinibus,

237 3103 335 3173 donee
350 3107 448 3157 rector
463 3100 570 3157 beluae
588 3101 703 3176 Regem
717 3102 880 3175 conspexit
897 3103 1060 3160 fluentibus
1074 3105 1229 3172 membris,

182 3312 191 3343 ¹
205 3312 406 3360 concursatione
417 3311 582 3376 (concurro),
592 3328 608 3358 α
617 3309 674 3359 sud·
706 3310 718 3342 ⁶
730 3326 818 3370 manu,
830 3315 845 3337 “
853 3311 948 3361 trani-P

248 3393 295 3441 den
308 3401 379 3442 unser.
706 3392 717 3425 ⁶
730 3395 1061 3455 sequentium,nnderstand
1067 3398 1230 3459 elephantos.

181 3476 192 3507 ²
205 3477 323 3525 eominus
334 3475 513 3539 (cornminus),
521 3490 672 3536 oonmanm,
706 3475 836 3539 ⁷oopidas
849 3500 872 3519 =
886 3476 949 3524 slorr
961 3478 1060 3529 swords.

247 3558 316 3606 Iioad
327 3567 349 3606 lo
361 3558 428 3606 tacd
440 3557 531 3607 attnrlc.
707 3558 717 3591 ⁸
729 3558 852 3618 falcibus,
865 3559 958 3608 nielles.

181 3642 317 3700 ⁸avidius,
340 3657 393 3704 spo.
419 3656 523 3700 avarus,
547 3641 665 3703 cupidus,
706 3641 983 3706 ⁹infestidanperous.

249 3725 389 3773 studiosus.
697 3722 718 3757 ¹⁰
730 3725 815 3785 magis
827 3725 925 3786 elapsa,
936 3733 994 3782 etc,
1009 3726 1138 3791 wtictfell
1148 3726 1231 3775 rather

181 3805 193 3839 4
205 3812 323 3856 semet:
338 3820 402 3854 sese.
773 3804 830 3854 uun
843 3823 901 3854 were
914 3806 1011 3856 tdrown.
