2817 4300
186 345 250 408 236
370 359 586 406 sanncrrons
609 360 711 406 raon
734 359 845 406 nerra
868 359 1051 406 aurnoas.

185 531 388 604 classemque,
414 547 476 604 qua
500 531 641 605 proxima
664 536 782 588 aestate
805 548 887 588 mare
912 529 990 588 tueri
1014 534 1130 604 posset,
1157 545 1239 587 com·

186 633 321 704 pararet,
338 628 412 685 dato
433 628 575 700 adjutore
595 629 809 698 Pharnabazo,
826 628 906 686 siout
927 628 992 702 ipse
1007 626 1155 685 voluerat.
1200 627 1240 684 Id

186 732 222 784 ut
235 725 486 784 Lacedaemoniis
501 732 550 782 est
570 726 754 795 nuntiatum,
772 743 834 782 non
856 725 921 782 sine
943 743 1016 782 cura
1036 743 1100 782 rem
1121 703 1239 781 admin-

186 825 309 892 istrant,
326 823 408 896 quod
424 823 523 895 majus
538 822 651 880 bellum
666 822 822 894 imminere
845 823 1082 890 arbitrabantur,
1099 840 1189 896 quam
1213 822 1241 878 si

187 940 256 979 cum
270 920 401 977 barbaro
415 919 515 976 solum
529 921 758 977 contenderent.
802 919 882 976 Nam
899 920 1007 977 ducem
1028 921 1152 990 fortem,
1168 938 1239 994 pru-

186 1020 311 1076 dentem
333 1017 425 1094 regiis
452 1017 562 1090 opibus
590 1017 802 1092 praefuturum
830 1035 866 1074 ac
894 1035 997 1076 secum
1025 1011 1239 1076 dimicaturum

186 1116 345 1185 videbant,
369 1132 459 1188 quem
483 1131 580 1188 neque
603 1114 732 1172 consilio
754 1133 852 1188 neque
875 1115 971 1189 copiis
1000 1119 1143 1189 superate
1168 1134 1240 1190 pos·

186 1218 267 1270 sent.
311 1212 380 1270 Hac
408 1217 509 1269 mente
538 1230 681 1288 magnam
709 1212 894 1270 contrahunt
921 1212 1069 1270 classem:
1102 1214 1238 1288 proficis-

187 1316 297 1369 cuntur
318 1309 470 1366 Pisandro
492 1309 580 1366 duce.
624 1308 692 1365 Hos
716 1307 824 1366 Conon
849 1309 931 1384 apud
953 1308 1083 1368 Cnidum
1112 1311 1239 1368 adortus

187 1423 299 1483 magno
326 1406 443 1482 proelio
471 1407 568 1482 lugat,
599 1406 711 1463 multas
740 1424 835 1464 naves
863 1407 957 1481 capit,
988 1407 1157 1482 complures
1185 1409 1239 1466 de·

187 1505 301 1580 primit.
345 1503 413 1577 Qua
426 1503 555 1561 victoria
570 1521 631 1560 non
653 1503 752 1560 solum
766 1504 920 1573 Athenae,
937 1504 992 1562 sed
1014 1504 1105 1562 etiam
1128 1511 1239 1563 cuncta

187 1593 331 1672 Giaecia,
347 1619 425 1674 quae
440 1602 498 1658 sub
512 1601 822 1658 Lacedaemoniorum
838 1601 940 1658 fuerat
955 1601 1091 1675 imperio,
1108 1603 1239 1660 liberata

187 1705 245 1757 est.
290 1698 398 1757 Conon
426 1716 495 1755 cum
523 1705 608 1772 parte
637 1698 761 1754 navium
792 1698 823 1754 in
852 1698 981 1771 patriam
1010 1703 1105 1769 venit,
1136 1718 1238 1757 muros

82 1856 84 1871 ¹
188 1798 306 1854 dirutos
321 1815 340 1852 a
355 1795 515 1870 Lysandro
530 1800 686 1868 utrosque,
704 1800 735 1851 et
756 1795 856 1851 Piraei
878 1799 909 1852 et
922 1795 1126 1866 Athenarum,
1142 1797 1237 1854 relici-

188 1895 285 1951 cndos
299 1898 387 1951 curat
401 1891 606 1966 pecuniaeque
621 1892 845 1967 quinquaginta
860 1892 988 1962 talenta,
1004 1910 1083 1966 quae
1104 1911 1123 1950 a
1143 1894 1237 1950 Phar-

188 1992 308 2049 nabazo
323 1993 494 2062 acceperat,
510 1988 628 2045 civibus
643 1989 708 2045 suis
723 1989 828 2046 donat.

227 2087 354 2146 Accidit
374 2085 454 2156 huic,
477 2086 559 2161 quod
582 2085 691 2143 ceteris
717 2085 907 2155 mortalibus,
930 2091 965 2144 ut
987 2087 1239 2145 inconsideratior

188 2188 219 2244 in
244 2186 379 2244 secunda
401 2202 493 2257 quam
521 2182 552 2240 in
577 2184 708 2241 adversa
732 2189 815 2241 esset
842 2185 977 2241 fortuna.
1022 2177 1113 2243 ¹Nam
1140 2186 1238 2243 classe

187 2282 480 2357 Peloponnesiorum
508 2280 640 2350 devicta,
670 2299 738 2338 cum
768 2281 864 2338 ultum
892 2300 925 2338 se
960 2282 1086 2354 inJurias
1121 2284 1239 2357 patriae

188 2385 321 2456 putaret,
335 2379 422 2454 plura
432 2377 609 2451 concupivit
622 2395 714 2451 quam
727 2379 843 2435 efficere
858 2379 968 2452 potuit.
1013 2379 1121 2453 Neque
1136 2385 1239 2437 tamen

188 2497 226 2536 ea
247 2495 309 2535 non
330 2476 382 2551 pia
403 2480 434 2532 et
455 2475 614 2549 probanda
638 2475 775 2545 fuerunt,
799 2476 881 2547 quod
902 2475 1004 2550 potius
1026 2477 1143 2549 patriae
1164 2495 1239 2551 opes

188 2575 294 2651 augeri
308 2591 401 2647 quam
414 2572 495 2648 regis
510 2571 627 2628 maluit.
672 2571 754 2650 Nam
772 2590 841 2629 cum
862 2590 1005 2647 magnam
1026 2574 1240 2631 auctoritatem
1330 2638 1338 2651 ,

189 2673 249 2730 sibi
270 2690 374 2747 pugna
395 2669 447 2725 illa
469 2668 582 2737 navali,
607 2686 698 2742 quam
721 2669 802 2742 apud
824 2667 954 2726 Cnidum
975 2670 1102 2739 fecerat,
1127 2672 1239 2729 consti·

190 2770 301 2828 tuisset
315 2786 376 2825 non
391 2767 490 2823 solum
511 2765 590 2822 inter
611 2765 756 2834 babarus,
773 2767 827 2823 sed
849 2766 941 2824 etiam
962 2785 1068 2826 omnes
1089 2765 1239 2826 Graeciae

189 2868 342 2935 civitates,
367 2864 446 2921 clam
469 2863 542 2920 dare
567 2880 692 2935 operam
715 2863 827 2936 coepit,
848 2868 880 2920 ut
902 2863 1023 2920 Ioniam
1045 2870 1077 2921 et
1097 2864 1240 2922 Aeoliam

190 2965 363 3021 restitueret
384 2960 637 3018 Atheniensibus.
682 2960 721 3015 ld
744 2977 813 3016 cum
841 2961 941 3017 minus
969 2961 1131 3037 diligenter
1158 2968 1242 3021 esset

189 3062 331 3129 celatum,
347 3058 518 3125 Tiribazus,
540 3056 592 3130 qui
612 3055 760 3114 Sardibus
782 3067 932 3130 praeerat,
956 3056 1112 3116 Cononem
1132 3077 1239 3117 evoca-

189 3160 245 3226 vit,
262 3156 410 3215 simulans
429 3155 468 3212 ad
492 3172 593 3229 regem
617 3171 686 3210 eum
710 3172 743 3210 se
766 3154 886 3211 mittere
900 3154 978 3212 velle
1001 3173 1113 3231 magna
1135 3158 1173 3214 de
1194 3176 1238 3215 ro.

189 3257 292 3329 Hujus
314 3252 422 3310 nuntio
442 3268 554 3325 parens
578 3268 646 3307 cum
662 3251 809 3321 venisset,
826 3251 857 3308 in
878 3251 980 3310 vincla
1001 3254 1159 3325 conjectus
1179 3260 1238 3323 est,

191 3355 221 3410 in
249 3352 360 3426 quibus
388 3348 575 3423 aliquamdiu
603 3347 674 3404 fuit.
719 3348 796 3405 Inde
825 3348 961 3406 nonnulli
981 3367 1050 3408 eum
1073 3350 1113 3407 ad
1137 3369 1240 3427 regem

190 3452 355 3507 abductum
370 3447 471 3519 ibique
487 3463 556 3501 eum
577 3444 693 3519 perisse
716 3445 863 3519 scriptum
883 3446 1080 3519 reliquerunt.
1125 3447 1241 3505 Contra

190 3564 227 3602 ea
254 3545 358 3600 Dinon
386 3542 559 3609 historicus,
590 3541 638 3597 cui
667 3559 723 3597 nos
749 3540 910 3614 plurimum
931 3544 969 3599 de
993 3544 1126 3601 Persicis
1149 3546 1240 3602 rebus

190 3640 353 3705 credimus,
370 3637 515 3710 effugisse
530 3637 670 3709 scripsit:
693 3637 768 3693 illud
784 3639 955 3708 addubitat,
972 3646 1074 3697 utrum
1096 3642 1241 3699 Tiribazo

190 3735 306 3791 sciente
320 3750 360 3789 an
374 3731 565 3802 imprudente
580 3732 622 3787 sit
636 3733 764 3788 factum.
