2817 4300
166 377 228 440 166
339 390 560 438 smacrrons
583 391 687 438 raom
712 390 826 437 annm
849 389 1037 439 Auraoas.

286 562 421 620 Mittitur
435 567 467 619 et
481 561 584 638 magni
599 561 734 618 Venulus
750 561 908 618 Diomedis
924 560 962 618 ad
978 561 1093 631 urbem,

287 661 339 733 qui
353 664 440 734 petat
454 658 601 715 auxilium
615 663 647 716 et
662 658 752 714 Latio
767 659 933 715 consistere
948 659 1095 729 Teucros,

286 758 447 815 advectum
462 756 591 813 Aenean
606 756 697 813 classi
714 756 871 829 victosque
886 755 1008 828 penatis

287 855 397 911 inferre
413 859 444 911 et
459 854 531 910 fatis
545 871 647 928 regem
663 871 696 909 se
712 853 812 910 dicere
827 853 912 926 posci

287 953 414 1009 edoceat
431 949 618 1028 [multasque
633 950 699 1007 viro
714 967 747 1007 se
762 950 926 1026 adjungere
941 951 1043 1026 gentis

286 1050 445 1106 Dardanio
459 1054 491 1106 et
504 1049 565 1106 late
581 1048 670 1106 Latio
684 1049 907 1106 increbrescere
923 1047 1064 1126 nomen].

287 1146 367 1220 Quid
382 1152 481 1204 struat
495 1147 542 1203 his
557 1146 685 1219 coeptis,
702 1164 804 1220 quem,
821 1147 848 1204 si
862 1146 999 1204 Fortuna
1014 1150 1170 1221 sequatur,

287 1250 430 1301 eventum
445 1261 566 1320 pugnae
581 1244 695 1317 cupiat,
713 1244 907 1301 manifestius
922 1243 982 1317 ipsi

287 1359 379 1424 quam
392 1342 498 1398 Turno
512 1341 576 1417 regi
591 1346 645 1399 aut
658 1341 723 1418 regi
738 1359 884 1417 apparere
900 1341 1022 1398 Latino

263 1569 312 1625 56.
342 1569 413 1626 Tus
436 1568 548 1627 Sanum
569 1585 721 1626 sarnum
743 1569 894 1626 Bonosus
916 1585 981 1625 nro
1002 1569 1123 1626 Rsnus.

209 1699 259 1756 Ita
283 1699 438 1756 Numitori
458 1699 582 1779 Albana
604 1701 755 1773 permissa
777 1717 821 1769 re,
844 1697 1007 1756 Romulum
1032 1699 1221 1772 Remumque

170 1796 281 1870 cupido
292 1797 373 1870 cepit
391 1796 423 1852 in
445 1797 481 1853 iis
502 1797 590 1865 locis,
608 1797 660 1852 ubi
680 1797 826 1870 expositi,
844 1797 954 1870 ubique
977 1797 1099 1854 educati
1120 1802 1220 1865 erant,

170 1894 253 1951 urbis
279 1895 466 1951 condendae.
511 1894 682 1952 intervenit
703 1895 814 1952 deinde
843 1895 957 1952 avitum
986 1895 1110 1963 malum,
1134 1895 1223 1970 regni

170 1991 292 2064 cupido,
317 1996 408 2064 atque
431 1991 502 2048 inde
525 1992 651 2048 foedum
674 1997 829 2049 certamen
852 1998 989 2049 coortum
1014 2011 1032 2048 a
1057 1992 1132 2048 satis
1153 1992 1222 2048 miti

170 2088 331 2164 principio.
375 2089 526 2162 Quoniam
547 2089 660 2166 gemini
688 2094 804 2157 essent,
829 2107 884 2148 nee
906 2091 1015 2146 aetatis
1037 2089 1223 2146 verecundia

170 2188 334 2245 discrimen
349 2189 451 2245 faeere
466 2194 582 2262 posset,
599 2194 634 2245 ut
650 2187 693 2245 dii
715 2188 850 2264 auguriis
872 2188 1020 2265 legerent,
1038 2189 1098 2261 qui'
1110 2206 1222 2244 nomen

171 2303 269 2342 novae
296 2284 363 2342 urbi
392 2286 490 2352 duret,
513 2285 566 2358 qui
591 2286 745 2343 conditam
768 2285 894 2359 imperio
916 2292 1045 2362 regeret,
1069 2286 1221 2342 Palatium

171 2383 330 2454 Romulae,
367 2383 481 2441 Remus
516 2384 717 2451 Aventinum,
755 2382 794 2439 ad
830 2383 1071 2457 inaugurandum
1107 2383 1223 2456 templa

171 2481 305 2554 capiunt.
349 2481 447 2537 Priori
475 2481 572 2537 Remo
600 2481 760 2556 augurium
787 2480 911 2537 venisse
935 2481 1044 2549 fertur,
1072 2498 1128 2537 sex
1156 2480 1223 2536 vul-

171 2583 273 2647 tures;
295 2597 368 2636 mox
382 2578 497 2652 duplex
512 2596 655 2635 numerus
670 2578 801 2635 Romulo
816 2595 848 2635 se
866 2578 1019 2635 ostendit:
1043 2578 1086 2635 ita
1107 2583 1244 2665 utrum-s

171 2695 229 2750 que
251 2695 352 2754 regem
375 2695 431 2734 sua
453 2677 615 2735 multitudo
638 2676 855 2735 consalutauit.
899 2675 987 2743 Inde,
1005 2693 1073 2732 cum
1095 2658 1223 2733 alterca-

172 2776 254 2831 tione
276 2776 443 2851 congressi,
460 2775 625 2832 certamine
645 2775 757 2833 irarum
780 2773 817 2830 ad
840 2773 964 2831 caedem
979 2777 1156 2829 vertuntur:
1180 2772 1223 2829 ibi

171 2873 202 2928 in
220 2874 310 2930 turba
331 2874 409 2930 ietus
432 2872 546 2930 Remus
568 2873 687 2931 cecidit.
730 2871 892 2947 Vulgatior
913 2872 994 2927 fama
1016 2876 1074 2940 est,
1091 2869 1223 2927 ludibrio

171 2971 276 3028 fratris
305 2972 432 3028 Remum
462 2988 559 3028 novos
594 2969 785 3028 transiluisse
821 2986 941 3036 muros3
979 2968 1049 3025 inde
1078 2968 1116 3023 ab
1144 2968 1223 3023 irato

171 3068 302 3125 Romulo
323 3070 530 3126 interfectum.
574 3068 625 3125 Ita
646 3067 729 3126 solus
758 3068 873 3141 potitus
902 3065 1029 3138 imperio
1053 3064 1221 3122 Romulus:

171 3166 295 3223 condita
310 3166 382 3224 urbs
397 3166 564 3224 conditoris
579 3165 700 3222 nomine
716 3164 882 3239 appellata.

292 3380 342 3436 57.
373 3376 487 3436 Casan
507 3394 648 3435 anamais
669 3393 721 3433 ms
742 3376 864 3433 Foroas
885 3390 1050 3432 roduinus
1070 3391 1109 3458 nr

580 3475 810 3532 Novronunum.

213 3589 430 3647 Noviodunum
449 3583 522 3646 erat
545 3588 691 3661 oppidum
719 3586 897 3644 Aeduorum
925 3587 964 3643 ad
992 3585 1075 3660 ripas
1105 3584 1223 3660 Ligeris

172 3691 345 3760 opportuno
366 3686 434 3743 loco
455 3687 598 3759 positum.
642 3684 712 3741 Huc
738 3682 852 3741 Caesar
873 3701 978 3740 omnes
999 3682 1123 3741 obsides
1149 3682 1223 3740 Gal-

172 3783 242 3852 liae,
258 3784 453 3851 frumentum,
470 3781 629 3855 pecuniam
645 3779 809 3854 publicam,
827 3798 950 3837 suorum
964 3784 1054 3853 atque
1070 3780 1223 3837 exercitus
