2817 4300
190 374 253 438 204
371 389 585 438 snnncrrons
608 388 709 437 raon
732 388 846 436 narra
869 388 1049 437 nurnons.

190 561 235 618 sic
256 579 332 619 cena
353 562 381 646 ei
402 552 601 634 coquebatur,
618 566 663 630 ut,
679 578 757 634 quos
779 560 938 618 invocatos
952 545 1082 617 vidisset
1103 559 1133 615 in
1155 559 1241 631 foro,

189 675 295 715 omues
320 659 501 716 devocaret:
536 658 616 732 quod
646 658 748 716 facere
777 657 860 714 nullo
884 657 933 714 die
962 657 1240 731 praetermittebat.

92 827 97 835 θ
190 756 275 813 Nulli
302 757 377 813 fides
405 758 483 829 ejus,
514 756 588 813 nulli
616 774 721 830 opera,
751 755 825 812 nulli
853 773 902 812 res
930 754 1090 811 familiaris
1117 750 1241 812 defuit:

190 855 302 912 multos
323 854 533 929 locupletavit,
556 855 728 928 complures
749 870 897 928 pauperes
918 857 1065 921 mortuos,
1084 853 1136 926 qui
1157 854 1242 910 unde

190 955 368 1009 efferrentur
392 970 452 1009 non
480 952 686 1025 reliquissent,
714 969 770 1008 suo
799 955 922 1025 sumptu
951 950 1071 1008 extulit:
1126 949 1177 1007 Sic
1206 967 1241 1008 se

189 1050 323 1123 gerendo
337 1049 460 1108 minime
475 1054 523 1106 est
537 1049 718 1119 mirandum,
735 1049 761 1105 si
783 1053 814 1105 et
828 1047 892 1105 vita
913 1048 980 1121 ejus
1002 1047 1059 1104 suit
1080 1064 1187 1105 secura
1208 1052 1243 1105 et

190 1162 271 1202 mors
286 1145 407 1204 acerba.

451 1390 500 1445 97.
531 1389 657 1446 Mimos
678 1403 717 1446 ro
737 1405 808 1444 rnn-
820 1386 974 1446 Cmrznus.

231 1533 302 1593 Scio
323 1552 392 1612 ego,
409 1534 554 1607 Quirites,
570 1535 732 1609 plerosque
747 1552 809 1592 non
824 1535 920 1591 isdem
942 1534 1057 1591 artibus
1079 1533 1241 1608 imperium

190 1649 209 1688 a
232 1633 321 1690 vobis
346 1638 461 1706 petere,
488 1639 530 1703 et,
557 1638 719 1706 postquam
745 1633 847 1706 adepti
877 1636 958 1701 sunt,
984 1648 1107 1706 gerere:
1141 1631 1241 1704 primo

168 1772 172 1778 .
190 1729 367 1799 industrios,
385 1729 541 1804 supplicio,
558 1731 694 1787 modicos
716 1747 803 1798 esse;
833 1728 942 1785 dehinc
964 1746 1018 1802 per
1032 1728 1186 1803 ignaviam
1208 1734 1241 1786 et

190 1827 363 1900 superbiam
376 1832 507 1884 aetatem
523 1845 632 1904 agere:
655 1828 711 1884 scd
722 1827 795 1883 mihi
807 1831 913 1884 contra
928 1843 964 1883 ea
975 1826 1105 1885 videtur.
1144 1825 1237 1895 Nam,

189 1940 251 1996 quo
277 1925 420 1981 universa
448 1925 621 1998 respublica
649 1925 744 1998 pluris
773 1930 830 1992 est,
861 1941 951 1997 quam
980 1923 1156 1980 consulatus
1185 1928 1240 1980 aut

189 2026 343 2095 praetura,
360 2039 397 2079 eo
411 2023 527 2094 majore
543 2040 614 2080 cura
629 2022 711 2080 illam
733 2020 949 2090 administrari,
966 2038 1057 2094 quam
1078 2021 1153 2077 haec
1175 2020 1239 2094 peti

190 2119 311 2177 debere.
355 2119 462 2193 Neque
484 2137 531 2178 me
554 2119 645 2190 fallit,
667 2124 816 2194 quantum
836 2136 904 2177 cum
926 2135 1069 2176 maxumo
1090 2117 1240 2176 beneficio

189 2222 293 2274 vestro
314 2218 429 2293 negotii
451 2219 629 2276 sustineam.
673 2217 793 2275 Bellum
815 2234 921 2291 parare
943 2216 1044 2286 simul,
1068 2220 1099 2273 et
1120 2216 1239 2273 aerario

107 2307 111 2311 ”
190 2332 331 2387 parcere:
365 2332 474 2390 cogere
501 2316 540 2372 ad
565 2315 715 2384 militiam,
743 2332 820 2388 quos
846 2314 923 2371 nolis
948 2314 1121 2381 offendere3
1154 2313 1237 2370 domi

190 2411 326 2484 forisque
347 2412 449 2468 omnia
470 2430 593 2481 curare3
616 2417 648 2469 et
667 2430 704 2469 ea
723 2430 813 2488 agere
834 2412 913 2469 inter
928 2411 1059 2481 invidos,
1076 2428 1239 2467 occursan-

189 2508 241 2578 tis,
257 2509 415 2579 factioSOS,
432 2510 587 2583 opinione,
604 2509 749 2582 Quirites,
768 2510 904 2583 asperius
926 2514 983 2566 est.
1028 2508 1079 2565 Ad
1101 2508 1168 2577 hoc,
1185 2507 1239 2564 alii

189 2606 215 2661 si
231 2606 395 2678 deliquere,
412 2612 501 2663 retus
523 2606 678 2676 nobilitas,
695 2608 845 2679 majorum
867 2608 951 2664 facta
972 2605 1074 2675 fortia,
1092 2610 1239 2681 cognato-

188 2720 254 2758 rum
276 2708 307 2760 et
328 2703 472 2760 adfinium
494 2722 579 2778 opes,
604 2704 715 2761 multae
738 2704 907 2774 clientelae,
930 2704 1032 2761 omnia
1054 2704 1129 2761 haec
1150 2720 1239 2776 prae-

189 2800 269 2857 sidio
283 2800 413 2857 adsunt:
436 2802 509 2858 mihi
524 2819 595 2875 spes
611 2820 717 2859 omnes
733 2802 763 2858 in
780 2807 890 2859 memet
908 2802 996 2869 sitae,
1012 2818 1089 2875 quas
1110 2817 1238 2857 necesse

189 2902 237 2954 est
258 2903 289 2954 et
303 2898 427 2967 virtute,
447 2903 477 2955 et
499 2899 673 2956 innocentia
694 2899 806 2956 tutari:
836 2917 908 2955 nam
929 2900 990 2957 alia
1011 2899 1129 2955 infirma
1150 2903 1234 2955 sunt.

189 2995 230 3051 Et
244 2994 317 3052 illud
334 2995 487 3072 intelleg0,
504 2996 649 3069 Quirites,
662 2996 797 3053 omnium
811 3014 865 3053 ora
879 2996 911 3052 in
925 3014 972 3053 me
988 3013 1135 3053 convorsa
1149 3012 1236 3052 esse:

190 3110 305 3166 aequos
325 3094 483 3165 bonosque
498 3096 622 3152 favere:
645 3095 757 3168 quippe
779 3095 943 3152 benefacta
964 3112 1032 3151 mea
1052 3093 1238 3168 reipublicae

189 3191 376 3263 procedunt;
413 3192 607 3249 nobilitatem
633 3191 733 3249 locum
764 3192 928 3249 invadendi
957 3209 1112 3265 quaerere.
1170 3190 1238 3264 Quo

189 3287 261 3344 mihi
283 3289 382 3346 acrius
404 3290 604 3346 adnitendum
624 3294 682 3357 est,
707 3296 741 3346 ut
762 3308 859 3363 neque
874 3306 930 3346 vos
952 3289 1125 3363 capiamini,
1143 3294 1174 3345 et
1196 3289 1238 3346 illi

189 3385 306 3442 frustra
329 3387 401 3443 sint.
453 3387 504 3443 Ita
528 3388 566 3443 ad
589 3388 647 3444 hoc
670 3387 781 3444 aetatis
806 3405 823 3443 a
847 3387 976 3461 pueritia
999 3388 1056 3457 fui,
1082 3391 1116 3444 ut
1138 3388 1238 3443 omnis

189 3481 319 3553 labores,
336 3484 468 3556 pericula
484 3490 630 3541 consueta
645 3484 785 3542 habeam.
829 3484 914 3557 Quae
936 3490 1006 3541 ante
1022 3490 1125 3542 vestra
1145 3484 1239 3541 bene-

189 3580 258 3637 ficia
279 3581 414 3656 gratuito
437 3582 599 3651 faciebam,
624 3601 660 3639 ca
684 3582 739 3652 uti,
762 3570 888 3656 accepta
911 3583 1060 3652 mercede,
1085 3583 1237 3647 deseram,

190 3694 251 3733 non
266 3682 314 3733 est
328 3678 499 3748 consilium,
517 3680 661 3751 Quirites.
706 3680 772 3737 Illis
787 3680 906 3737 difficile
922 3680 1014 3736 estin
1032 3678 1239 3753 potestatibus

189 3776 371 3844 temperare,
400 3775 452 3846 qni
483 3792 537 3848 per
566 3776 763 3833 ambitionem
793 3794 860 3833 sese
892 3776 1005 3850 probos
1037 3775 1237 3833 simulavere:
