2817 4300
558 369 678 418 sflonu
699 370 897 418 uxrnners.
1190 359 1254 427 205

203 541 288 613 mihi,
304 541 356 616 qui
370 559 491 600 omnem
505 545 639 599 aetatem
660 539 693 596 in
713 541 847 615 optumis
862 541 979 600 artibus
994 543 1055 620 egi,
1071 543 1254 606 benefacere

203 640 265 713 iam
282 656 321 697 ex
335 639 557 698 consuetudine
571 639 603 696 in
617 645 759 696 naturam
772 639 875 697 vertit.

364 852 413 908 98.
444 851 565 908 Eueno
586 867 678 907 rmus
699 867 751 907 ms
772 850 972 910 Possussrons
994 868 1089 910 sonu.

203 981 296 1052 Perii,
312 981 423 1052 interii,
441 981 557 1039 occidi!
587 979 654 1053 Quo
669 978 809 1037 curram?
837 999 897 1054 quo
913 999 974 1039 nou
992 981 1131 1041 curram?

203 1079 300 1149 Tene,
316 1084 387 1136 tene
398 1100 405 1135 z
416 1112 456 1122 -
465 1078 562 1152 Quem
576 1079 644 1152 quis
653 1077 715 1134 1-

203 1177 335 1234 Nescio:
365 1177 409 1234 nil
428 1177 536 1235 video:
566 1193 675 1234 caecus
696 1193 733 1233 eo
755 1181 846 1249 atque
867 1177 1008 1250 equidem
1028 1195 1089 1252 quo
1111 1195 1178 1236 eam
1200 1187 1254 1238 aut

283 1275 335 1332 ubi
351 1275 409 1332 sim
423 1282 476 1332 aut
489 1274 541 1348 qui
557 1275 614 1331 sim

202 1371 332 1445 Nequeo
353 1391 421 1430 eum
443 1372 544 1430 animo
566 1376 680 1429 eertum
702 1371 899 1448 investigare.
952 1371 1089 1431 Obsecro
1103 1392 1160 1432 vos
1182 1393 1250 1452 ege,

283 1470 357 1526 mihi
372 1469 499 1539 auxilio,

203 1565 277 1637 Oro,
293 1568 442 1638 obtestor,
459 1567 538 1636 sitis,
555 1571 587 1624 et
600 1567 754 1624 hominem
768 1567 985 1625 demonstretis
999 1569 1050 1642 qui
1066 1587 1134 1626 eam
1149 1569 1253 1627 abstu-

277 1664 361 1732 ierit.

202 1761 283 1837 Quid
306 1760 373 1819 est?
402 1762 476 1836 quid
499 1745 626 1820 ridetis?
654 1761 738 1818 Novi
760 1779 885 1820 omues:
917 1761 981 1820 seio
1004 1763 1089 1820 fures
1112 1780 1179 1822 esse
1204 1763 1253 1823 hie

284 1859 466 1933 complures

197 1955 263 2031 ¹Qui
277 1957 390 2014 vestitu
412 1960 444 2015 et
464 1961 548 2014 creta
569 1955 726 2013 occultant
747 1973 815 2014 sese
837 1963 927 2029 atque
950 1957 1059 2014 sedent
1080 1957 1169 2030 quasi
1190 1958 1253 2017 sint

283 2054 377 2130 frugi.

203 2151 284 2225 Quid
299 2153 344 2209 ais
358 2149 412 2209 tu?
453 2152 523 2209 Tibi
543 2151 665 2210 eredere
687 2156 803 2209 eertum
825 2156 890 2207 est:
919 2168 990 2208 nam
1011 2170 1079 2210 esse
1100 2153 1214 2211 bonum
1235 2172 1252 2212 e

283 2250 367 2308 voitu
383 2266 546 2325 cognosce.

203 2348 295 2416 Hem,
320 2365 409 2405 nemo
431 2347 524 2404 habet
546 2348 663 2404 horum.
676 2344 894 2404 —Oceidistii
938 2345 997 2403 Die
1020 2346 1114 2421 igitur
1135 2348 1162 2405 si
1185 2349 1252 2423 quis

283 2445 386 2502 habet.
431 2441 562 2501 Nescis?

202 2541 271 2598 Heu
300 2559 348 2598 me
373 2540 538 2598 miserum!
574 2540 684 2597 misere
714 2539 806 2613 perii!
844 2540 922 2597 male
952 2540 1088 2615 perditus
1120 2542 1252 2616 pessime

282 2645 408 2695 ornatus
423 2655 478 2695 eo:

202 2735 334 2793 Tantum
350 2736 455 2811 gemiti
470 2741 501 2792 et
515 2735 614 2792 malae
628 2734 800 2792 moestitiae
815 2736 863 2793 hie
878 2735 944 2793 dies
960 2736 1032 2792 mihi
1048 2736 1169 2807 obtulit,

202 2834 327 2891 Famem
341 2838 373 2891 et
383 2826 568 2907 pauperiem.
603 2833 833 2890 Perditissimus
849 2851 906 2909 ego
918 2850 984 2890 sum
1000 2835 1134 2891 omnium
1146 2853 1251 2893 senum

203 2931 240 2987 In
263 2936 354 2989 terra.
406 2932 488 2988 Nam
507 2931 580 3005 quid
603 2931 675 2988 mihi
698 2947 776 3005 opus
800 2936 848 2989 est
869 2931 944 3001 vita,
969 2932 1021 3005 qui
1044 2937 1164 2989 tantum
1187 2933 1252 2991 auri

283 3029 412 3103 perdidi,

203 3126 292 3199 Quod
306 3126 456 3184 custodivi
472 3123 599 3183 sedulo?
639 3125 772 3201 Egomet
786 3143 834 3183 me
849 3125 1031 3183 defraudavi

202 3223 407 3298 Animumque
423 3242 522 3281 meum
536 3223 718 3299 geniumque
733 3223 851 3280 meum!
875 3240 956 3281 nune
970 3222 1022 3280 alii
1036 3222 1239 3282 laetificantur

203 3321 276 3379 Meo
290 3320 371 3378 malo
386 3328 416 3379 et
430 3322 561 3379 damno:
582 3321 648 3396 pati
663 3338 792 3394 nequeo.
978 3318 984 3331 '

481 3534 530 3589 99.
561 3533 632 3589 Tua
654 3533 769 3589 Duum
790 3548 829 3590 ou
850 3531 974 3590 Casus.

244 3661 343 3735 Quum
372 3664 410 3721 ad
438 3663 660 3721 Alexandriam
685 3663 823 3721 venisset
847 3662 973 3732 Caesar,
1003 3633 1197 3721 Ptolemaeus
1225 3663 1254 3721 ei

204 3758 331 3818 iusidias
346 3778 453 3836 parare
467 3760 574 3831 voluit,
592 3762 704 3835 quade
720 3777 814 3818 eausa
836 3760 899 3837 regi
920 3761 1032 3818 bellum
1054 3760 1170 3819 illatum
1193 3766 1251 3819 est.
