2817 4300
175 372 215 436 24
477 385 609 432 novun
632 385 917 432 rnsrsnssrun.

213 565 250 616 27
273 559 306 615 Is
320 574 394 614 vero
411 553 491 613 dixit
512 555 551 624 ei,
568 555 676 612 Frater
696 560 768 612 tuus
790 555 892 612 venit:
915 561 947 613 et
967 557 1115 614 mactavit
1135 564 1224 631 pater

172 661 243 714 tuus
258 654 387 712 vitulum
401 654 484 710 illum
500 652 685 728 saginatum,
698 653 780 725 quod
794 653 947 710 valentem
962 653 1046 711 illum
1061 656 1219 729 receperit.

212 761 251 811 28
272 753 456 827 Indignatus
478 756 526 808 est
546 755 648 807 autem
669 750 730 818 ille,
754 768 811 806 nec
833 750 931 808 voluit
950 751 1085 809 introire.
1129 753 1223 810 Pater

172 868 244 927 ergo
259 851 355 924 ipsius
370 865 523 925 egressae,
540 848 680 904 hortatus
696 852 837 903 osteum.

212 955 249 1004 29
271 947 343 1021 Ipse
359 947 432 1003 vero
445 943 635 1018 respondens
650 943 731 1000 dixit
747 943 840 1016 patri,
850 944 942 1012 Ecce,
954 949 1002 1002 tot
1012 963 1110 1003 annos
1119 947 1221 1004 servio

171 1045 237 1112 tibi,
252 1062 307 1101 nec
321 1061 455 1116 unquam
468 1041 646 1097 mandatum
660 1045 747 1096 tuum
761 1058 828 1096 sum
843 1046 1053 1116 transgressus
1066 1062 1073 1111 ;
1096 1061 1152 1100 nec
1165 1046 1221 1100 un'-

170 1159 261 1218 quam
277 1141 389 1198 dedisti
405 1139 477 1195 mihi
491 1134 659 1207 2⁰hoedum,
677 1143 712 1194 ut
725 1155 793 1194 cum
807 1138 913 1194 amicis
928 1138 1003 1196 meis
1018 1139 1205 1197 oblectarer:

212 1246 249 1295 30
272 1238 333 1296 Sed
348 1255 440 1310 quum
455 1235 534 1292 filius
550 1235 609 1292 istc
624 1240 707 1304 tuus,
723 1235 775 1308 qui
790 1235 951 1294 devoravit
971 1237 1136 1294 facultates
1150 1244 1221 1294 tuas

171 1353 238 1394 cum
248 1333 493 1400 ”meretricibus
502 1333 597 1402 venit,
609 1333 753 1389 mactasti
762 1333 790 1388 ei
799 1332 927 1389 vitulum
937 1333 1021 1390 illum
1032 1335 1219 1409 saginatum.

211 1441 247 1489 31
271 1433 343 1506 Ipse
358 1434 431 1490 vero
445 1431 526 1488 dixit
539 1430 578 1500 ei,
595 1429 664 1499 Fili,
678 1435 712 1487 tu
727 1447 846 1504 semper
860 1448 979 1488 mecum
992 1449 1037 1499 es,
1054 1439 1085 1489 et
1098 1433 1222 1489 ‘omnia

169 1550 238 1589 mea
252 1536 306 1588 tua
320 1534 402 1587 sunt.

211 1636 248 1686 32
271 1627 445 1686 Exhilarari
460 1628 532 1684 vero
547 1631 578 1683 et
592 1627 725 1702 gaudere
743 1626 917 1700 oportebat,
934 1628 1016 1700 qudd
1037 1629 1135 1686 frater
1149 1634 1222 1686 tuus

170 1726 219 1783 hic
233 1731 371 1784 mortuus
385 1731 463 1795 erat,
480 1729 511 1782 et
525 1723 656 1792 revixit;
679 1724 882 1798 perieratque,
898 1730 929 1781 et
943 1725 1087 1783 inventus
1101 1733 1159 1783 est.

597 2068 674 2128 Car.
698 2071 788 2127 XVI.

213 2263 228 2311 1
251 2254 341 2312 Dixit
363 2258 463 2311 autem
490 2253 582 2311 etiam
605 2252 763 2327 discipulis
786 2254 861 2323 suis,
886 2255 958 2312 Fuit
980 2256 1070 2313 homo
1097 2258 1221 2331 quidam

170 2353 269 2421 diveS,
286 2352 338 2425 qui
359 2350 493 2408 habebat
514 2346 792 2424 ¹dispensat0rem:
820 2357 851 2408 et
872 2353 898 2408 is
921 2352 1042 2409 delatus
1064 2360 1112 2411 est
1140 2355 1222 2428 apud

171 2468 251 2519 eum,
268 2450 368 2523 utqui
383 2445 564 2521 ²dissiparet
579 2466 657 2520 quae
673 2448 733 2521 ipsi
749 2450 964 2522 suppetebant.

211 2553 229 2604 2
251 2546 383 2603 Vocavit
405 2563 474 2601 eum
497 2544 600 2620 igitur,
618 2551 649 2600 ct
669 2544 750 2601 dixit
771 2546 809 2615 ei,
827 2545 906 2617 Quid
928 2548 985 2604 hoc
1006 2548 1098 2605 audio
1119 2550 1156 2605 de
1171 2548 1223 2606 te?

170 2644 263 2701 redde
277 2643 428 2699 rationem
438 2641 677 2715 dispensationis
692 2647 783 2710 tuae;
799 2660 859 2698 non
876 2643 955 2699 enirn
965 2646 1079 2719 poteris
1091 2647 1222 2719 amplius

171 2758 239 2797 esse
254 2740 457 2813 dispensator.

212 2846 230 2894 3
253 2838 342 2893 Dixit
364 2842 466 2893 autem
490 2836 571 2909 apud
595 2854 627 2891 se
651 2836 855 2910 dispensator,
881 2837 960 2909 Quid
984 2838 1108 2909 faciam,
1130 2859 1222 2913 quum

171 2936 312 2993 dominus
337 2952 422 2990 meus
451 2934 574 2991 auferat
600 2952 617 2989 a
642 2952 690 2991 me
717 2934 995 3008 dispensationem:
1026 2938 1132 2994 fodere
1161 2956 1221 2995 non

172 3032 277 3101 valea,
301 3031 472 3089 mendicare
488 3032 593 3105 pudet.

212 3137 231 3185 4
252 3129 335 3185 Novi
357 3128 430 3202 quid
454 3128 510 3184 sim
533 3130 682 3197 facturus,
701 3134 736 3185 ut
759 3146 852 3201 quum
871 3136 990 3187 amotus
1012 3132 1100 3189 fuero
1121 3151 1141 3188 a
1161 3133 1221 3189 dis·

172 3227 362 3301 pensatione,
379 3225 474 3299 recipi
488 3231 542 3283 aut
555 3244 603 3283 me
618 3227 716 3298 aliqui
730 3227 852 3283 domum
868 3245 965 3284 suam.

366 3388 400 3437 Α.
419 3388 514 3436 Omnia
525 3404 554 3435 ea
566 3405 626 3451 quae
638 3396 692 3435 sunt
704 3403 764 3436 mea
776 3388 868 3452 (mihi)
881 3396 942 3437 sunt
954 3395 1008 3437 tua.

356 3538 377 3570 ²⁰
395 3539 523 3587 hoedum:
541 3556 594 3603 syn.
606 3540 718 3600 capella.

356 3620 377 3653 ²¹
395 3622 612 3669 meretricibus:
625 3621 780 3669 mulieribus
791 3622 997 3683 impudentibus.

297 3768 299 3772 ι
368 3701 378 3734 1
396 3702 617 3763 dispensatorem:
635 3720 688 3766 syn.
705 3709 818 3762 curator,
831 3702 1024 3752 administrator.

366 3783 377 3816 ⁹
395 3784 548 3846 dissiparet:
565 3801 619 3849 syn.
631 3799 766 3843 consumo,
778 3784 893 3833 effundo.
