2817 4300
171 388 235 452 130
356 401 573 449 smmurreus
594 402 696 450 raon
719 401 832 449 nArrn
855 402 1039 451 aurnuns.

245 590 323 647 quos
338 578 445 630 contra
458 571 625 630 Aeneadae
639 571 721 630 bello
735 573 837 630 fecere
851 571 1023 646 profanos'

173 678 231 729 780
247 670 335 727 Dixit
349 686 497 744 opemque
513 670 562 726 dei
576 687 638 727 non
653 688 743 727 cassa
758 671 789 727 in
804 666 893 740 ¹vota
907 671 1041 729 vaeavit.

246 768 386 840 Namque
402 767 454 824 diu
468 767 588 824 luctans
603 767 746 840 lenteque
762 768 793 824 in
808 768 902 842 stirpe
917 773 1053 826 moratus

246 865 362 923 viribus
377 865 458 923 haud
473 864 544 921 ullis
559 865 656 922 valuit
669 862 857 924 ²discludere
871 883 991 923 morsus

245 949 365 1020 roboris
379 963 516 1020 Aeneae.
560 963 643 1020 Dum
657 963 765 1021 nititur
780 981 850 1021 acer
864 968 897 1021 et
910 963 1018 1033 instat,

246 1078 352 1118 rursus
365 1060 397 1117 in
412 1061 537 1136 aurigae
552 1061 665 1118 faeiem
680 1066 799 1119 mutata
812 1061 937 1119 Metisci

172 1166 230 1217 785
246 1158 397 1232 procurrit
410 1159 557 1231 fratrique
572 1176 677 1216 ensem
691 1159 751 1216 dea
763 1155 901 1215 ⁸Daunia
915 1157 1026 1216 reddit.

246 1255 335 1329 Quod
349 1256 456 1313 Venus
470 1256 580 1313 audaci
594 1257 747 1331 nymphae
763 1256 923 1332 indignata
937 1253 1044 1313 ⁴licere

246 1354 381 1411 adcessit
395 1353 548 1426 telumque
564 1353 627 1410 alta
642 1354 681 1411 ab
696 1353 799 1411 radice
813 1353 943 1411 revellit.

246 1450 308 1509 Olli
323 1450 469 1510 sublimes
484 1451 577 1507 arrni'e
592 1451 762 1524 animisque
777 1450 898 1521 refecti,

245 1549 295 1606 hic
308 1548 413 1625 gladio
426 1549 537 1619 fideus,
554 1549 603 1606 hic
617 1566 688 1606 acer
701 1554 733 1605 et
748 1548 860 1606 arduus
875 1549 976 1618 hasta,

173 1655 231 1707 790
246 1649 401 1706 adsistunt
416 1653 523 1707 eontra
537 1648 705 1706 certamina
720 1647 832 1704 Martie
847 1647 958 1705 anheli.

247 1747 396 1804 Iunonem
411 1745 529 1803 interea
542 1763 598 1803 rex
612 1745 833 1819 omnipotentis
846 1743 970 1820 Olympi

246 1843 421 1916 adloquitur
435 1842 522 1900 fulva
537 1859 657 1918 pugnas
671 1843 710 1899 de
725 1842 805 1899 nube
820 1847 975 1900 tuentem:

312 2007 434 2079 Jupiter
447 2005 519 2062 calca
532 2005 617 2064 June
633 2007 664 2078 if
678 2005 725 2062 rte
740 2006 797 2062 ead
811 2005 889 2062 shall
903 2023 969 2061 now
983 2023 1075 2062 come.

249 2119 337 2195 ‘Qua
352 2120 410 2178 iam
426 2119 496 2177 finis
510 2119 579 2190 erit,
596 2117 752 2178 coniunx?
793 2119 873 2192 Quid
887 2119 1018 2193 denique
1032 2117 1149 2178 restat?

245 2216 435 2295 ‘Indigetem
449 2218 579 2275 Aenean
594 2218 655 2274 scis
670 2218 738 2292 ipsa
753 2223 784 2275 et
799 2218 876 2275 scire
892 2218 1001 2275 fateris

174 2324 231 2375 795
247 2315 352 2373 deberi
366 2314 452 2372 caele
465 2314 600 2387 fatisque
615 2315 655 2371 ad
671 2314 772 2371 sidera
787 2314 864 2372 tolli.

248 2413 328 2486 Quid
343 2413 449 2482 struis,
465 2417 519 2469 aut
532 2430 593 2486 qua
608 2430 662 2487 spe
677 2412 786 2487 gelidis
802 2412 833 2469 in
848 2412 980 2470 nubibus
994 2410 1123 2470 haeres?

246 2507 420 2570 iMortalin'
436 2509 539 2567 decuit
553 2508 661 2567 violari
676 2509 800 2567 volnere
816 2509 930 2579 divom,

247 2613 301 2666 aut
315 2625 421 2665 ensem
439 2606 528 2682 (quid
543 2607 624 2663 enim
640 2607 706 2664 sine
721 2612 751 2665 te
766 2606 896 2664 Iuturna
909 2605 1061 2682 valeretl)

246 2710 384 2779 ereptum
398 2703 486 2761 reddi
500 2704 605 2761 Turno
620 2709 652 2761 et
665 2704 728 2761 vim
743 2722 879 2762 crescere
893 2702 1005 2762 victis?

174 2809 232 2861 800
247 2787 363 2860 Desine
377 2801 438 2858 iarn
453 2801 578 2858 tandem
592 2802 793 2875 precibusque
809 2802 962 2859 inflectere
977 2801 1102 2871 nostris,

250 2898 300 2977 [ni
314 2904 345 2957 te
360 2902 466 2956 tantus
480 2898 544 2955 edit
559 2898 683 2955 tacitam
698 2898 785 2956 dolor
800 2904 832 2955 et
846 2898 920 2955 mihi
934 2916 1024 2956 curae

248 3014 340 3071 saepe
356 3001 409 3054 tuo
423 2995 505 3053 dulei
519 2995 623 3054 tristes
638 3014 678 3053 ex
692 3014 745 3053 ore
759 2994 946 3073 resument]

217 3158 227 3191 1
238 3173 293 3207 uon
301 3172 377 3205 cassa
385 3157 413 3205 in
421 3162 485 3205 rota
494 3178 518 3198 =
528 3171 582 3204 non
591 3156 625 3204 ad
637 3156 727 3204 inania
735 3162 798 3204 vota
809 3157 896 3217 poscit
908 3156 1045 3205 auxilium.
1052 3182 1085 3191 -
1095 3156 1225 3206 Sanrrus.

216 3239 227 3270 ²
239 3239 395 3299 discludere,
407 3246 430 3286 to
440 3246 561 3302 separate.

402 3320 486 3371 “And
497 3329 550 3385 lays
562 3320 618 3370 with
632 3337 704 3386 many
717 3337 733 3368 a
743 3319 858 3385 fruitless
869 3320 956 3381 strain,

426 3402 463 3451 To
475 3402 545 3451 make
556 3402 593 3451 tlte
604 3402 670 3451 dard
681 3402 749 3452 waed
760 3401 821 3451 laese
832 3402 864 3452 its
876 3402 978 3468 sarrya?

216 3486 228 3517 ³
238 3488 353 3547 Daunia,
365 3487 482 3537 Juturna.

216 3571 228 3605 4
239 3572 319 3620 licere
330 3592 354 3613 =
368 3569 467 3619 liceret.
475 3597 508 3605 -
515 3567 644 3617 Scurrae.

217 3652 229 3685 ⁵
239 3653 390 3713 indigetem,
402 3668 419 3698 a
432 3649 488 3698 lero
499 3649 584 3698 raised
595 3658 618 3698 to
629 3649 666 3698 tle
677 3649 742 3699 rank
753 3650 807 3716 esa
816 3648 867 3716 qod
877 3651 944 3715 aster
954 3650 991 3699 aa
1003 3650 1083 3699 death.
1111 3649 1226 3714 Perhaps

174 3735 227 3784 ltere
239 3742 263 3782 te
273 3734 299 3781 be
310 3731 446 3781 translated
457 3733 488 3798 ty
500 3730 667 3796 “demiyodr’

217 3813 373 3865 ⁸mortaliu'
384 3836 408 3857 =
421 3812 580 3862 mortaline.
628 3888 631 3891 ἢ
