2817 4300
542 328 661 376 secar
684 328 882 402 nxrnucrs,
1173 310 1237 377 215

186 496 337 555 meatibus
363 497 472 555 civitas
496 499 681 572 privaretur,
706 501 775 557 huic
803 500 944 557 audiente
968 501 1080 575 populo
1102 501 1237 558 Phocion

186 597 312 674 negavit
326 613 394 652 esse
408 595 575 670 periculum
588 614 682 671 seque
702 599 769 670 ejus
784 597 827 654 rei
844 598 981 655 obsidem
996 599 1063 655 fore
1084 598 1238 672 pollicitus

186 699 244 776 est.
289 694 397 766 Neque
413 693 457 750 ita
470 693 566 750 multo
580 699 652 769 post
666 694 802 752 Nicanor
816 695 925 752 Piraeo
946 699 994 752 est
1015 695 1141 768 potitus.
1185 695 1239 752 Ad

185 809 277 865 quem
297 791 529 865 reciperandum
549 810 617 849 cum
639 791 769 866 populus
791 799 927 849 armatus
948 792 1164 862 concurrisset,
1188 791 1237 850 ille

187 906 249 946 non
268 889 359 944 modo
374 889 526 945 neminem
539 889 580 945 ad
595 907 680 946 arma
695 889 829 959 vocavit,
845 890 900 947 sed
915 908 953 946 ne
969 889 1094 946 armatis
1115 889 1238 963 quidem

187 1003 329 1059 praeesse
341 984 447 1042 voluit.
485 984 558 1044 Sine
570 1004 631 1060 quo
641 987 785 1044 Athenae
801 988 924 1044 omnino
935 1005 1004 1044 esse
1019 1005 1081 1044 uon
1096 993 1235 1060 possunt.

226 1083 325 1140 Erant
345 1100 382 1139 eo
404 1088 540 1156 tempore
567 1084 699 1140 Athenis
728 1085 806 1141 duae
835 1085 998 1154 factioneS,
1022 1102 1149 1158 quarum
1177 1102 1238 1141 una-

185 1180 291 1255 populi
313 1198 437 1237 causam
458 1181 581 1255 agebat,
598 1181 694 1238 altera
708 1182 910 1256 optimatium.
953 1183 992 1239 In
1007 1183 1065 1240 hac
1079 1187 1145 1238 erat
1160 1181 1237 1238 Pho·

186 1278 256 1336 cion
277 1283 308 1334 et
329 1278 503 1334 Demetrius
525 1277 701 1335 Phalereus.
746 1279 864 1335 Harum
886 1285 1012 1353 utraque
1034 1279 1239 1336 Macedonum

186 1375 364 1450 patrociniis
379 1375 540 1432 utebatur:
562 1393 633 1432 nam
648 1375 810 1450 populares
825 1376 1061 1452 Polyperchonti
1077 1377 1237 1447 favebant,

185 1473 350 1547 optimates
372 1490 441 1530 cum
463 1471 640 1539 Cassandro
663 1474 848 1530 sentiebant.
900 1473 1029 1530 Interim
1054 1492 1072 1530 a
1094 1473 1238 1548 Polyper·

185 1572 297 1630 chonte
309 1569 503 1627 Cassandrus
518 1571 702 1627 Macedonia
717 1570 822 1645 pulsus
838 1576 894 1628 est.
930 1570 998 1643 Quo
1010 1572 1095 1628 lacto
1109 1571 1238 1645 populus

186 1669 325 1743 superior
349 1669 452 1725 factus
476 1668 582 1724 statim
609 1669 703 1726 duces
732 1669 926 1726 adversariae
955 1669 1100 1725 factionis
1128 1667 1239 1742 capitis

172 1756 349 1824 'damnatos
371 1765 471 1839 patria
499 1765 644 1839 propulit,
668 1766 700 1822 in
722 1766 768 1822 his
790 1766 974 1824 Phocionem
996 1771 1027 1822 et
1050 1765 1240 1822 Demetrium

185 1863 378 1931 Phalereum,
402 1863 501 1936 deque
524 1880 560 1919 ea
582 1881 614 1919 re
635 1862 754 1938 legatos
776 1864 816 1920 ad
840 1863 1117 1938 Polyperchontem
1145 1862 1238 1931 misit,

185 1963 239 2036 qui
253 1961 292 2018 ab
307 1979 344 2017 eo
359 1965 500 2034 peterent
516 1965 551 2016 ut
572 1978 628 2017 sua
648 1961 773 2017 decreta
794 1961 995 2017 confirmaret.
1040 1961 1110 2016 Huc
1132 1961 1243 2023 eodem¹
1275 2006 1277 2010 .

187 2060 344 2133 profectus
367 2063 415 2114 est
436 2058 582 2115 Phocion.
626 2056 694 2130 Quo
713 2063 746 2114 ut
765 2057 858 2128 venit,
875 2075 1001 2115 causam
1023 2058 1104 2131 apud
1125 2057 1239 2131 Philip·
1307 2105 1309 2110 .

186 2176 260 2233 pum
287 2175 390 2233 regem
419 2156 524 2225 verbo,
547 2174 579 2213 re
608 2155 675 2230 ipsa
702 2156 826 2229 quidem
854 2156 936 2230 apud
963 2156 1240 2230 Polyperchontem

183 2258 289 2329 jussus
306 2261 354 2311 est
369 2254 488 2310 dicere:
511 2271 641 2326 namque
657 2253 682 2309 is
697 2259 762 2310 tum
777 2253 857 2329 regis
872 2254 963 2310 rebus
984 2257 1134 2327 praeerat.
1179 2254 1239 2311 Hic

187 2352 381 2428 ab‘Agnone
403 2356 577 2420 accusatus,
600 2351 682 2424 quod
705 2350 846 2407 Piraeum
868 2350 1015 2407 Nicanori
1040 2350 1237 2423 prodidisset,

186 2468 228 2507 ex
242 2448 360 2507 consilii
375 2448 530 2505 sententia
544 2448 575 2503 in
594 2448 766 2505 custodiam
786 2449 945 2521 conjectus
965 2447 1106 2505 Athenas
1128 2448 1240 2505 deduc·

186 2552 237 2604 tus
253 2552 308 2617 est,
324 2550 358 2603 ut
372 2546 414 2602 ibi
430 2546 468 2603 de
484 2563 520 2602 eo
534 2545 653 2620 legibus
669 2546 755 2602 fieret
765 2545 924 2619 judicium.

228 2644 298 2701 Huc
311 2650 346 2700 ut
367 2648 547 2717 perventum
569 2648 626 2710 est,
644 2661 712 2699 cum
733 2648 857 2717 propter
872 2647 1005 2699 aetatem
1026 2642 1154 2717 pedibus
1176 2644 1240 2716 jam

188 2760 250 2799 non
271 2742 387 2798 valeret
407 2740 607 2813 vehiculoque
635 2745 819 2814 portaretur,
842 2740 946 2815 magni
974 2757 1139 2797 concursus
1167 2746 1240 2797 sunt

188 2840 276 2909 facti,
293 2857 361 2897 cum
382 2838 445 2908 alii,
468 2838 698 2895 reminiscentes
720 2838 833 2896 veteris
856 2838 966 2908 famae,
985 2838 1095 2894 aetatis
1117 2838 1239 2895 misere-

187 2943 302 3005 rentur,
318 2936 438 3011 plurimi
453 2953 526 2993 vero
541 2935 586 2991 ira
601 2940 824 2992 exacuerentur
838 2940 962 3009 propter
976 2935 1157 3011 proditionis
1172 2954 1239 2993 sus·

105 3094 111 3103 ,
188 3036 339 3110 picionem
352 3034 453 3091 Piraei
467 3033 671 3106 maximeque,
688 3033 770 3106 quod
785 3033 932 3089 adversus
954 3031 1059 3106 populi
1080 3034 1240 3090 commoda

188 3134 220 3189 in
241 3137 396 3190 senectute
422 3136 561 3188 steterat.
607 3129 708 3203 Quare
730 3148 767 3187 ne
789 3130 952 3204 perorandi
973 3130 1095 3202 quidem
1117 3130 1144 3187 ei
1165 3131 1240 3187 data

187 3237 236 3288 est
256 3230 388 3288 facultas
411 3236 443 3286 et
463 3229 584 3286 dicendi
605 3246 740 3285 causam.
783 3228 861 3284 Inde
875 3227 999 3299 judicic,
1015 3227 1159 3301 legitimis
1174 3228 1239 3301 qui-

188 3328 317 3386 busdam
338 3326 501 3395 confectis,
517 3326 692 3394 damnatuS,
710 3324 840 3382 traditus
863 3331 910 3381 est
930 3325 1157 3394 undecimviris,
1173 3326 1239 3398 qui-

187 3426 245 3482 bus
260 3425 299 3481 ad
314 3423 497 3498 supplicium
511 3442 594 3480 more
609 3422 845 3479 Atheniensium
860 3422 979 3497 publice
1001 3422 1138 3480 damnati
1160 3423 1239 3480 tradi

187 3524 298 3580 solent.
343 3523 404 3579 Hic
418 3539 488 3579 cum
502 3521 542 3579 ad
556 3527 685 3577 mortem
699 3521 869 3588 duceretur,
883 3520 992 3578 obvius
1007 3520 1035 3578 ei
1050 3519 1110 3577 fuit
1124 3520 1239 3594 Euphi-

187 3621 277 3691 letuS,
294 3638 355 3695 quo
369 3618 560 3676 familiariter
575 3618 677 3675 fuerat
690 3635 776 3673 usus.
821 3618 936 3675 Iseum
956 3618 1120 3675 lacrimans
1142 3618 1239 3675 dixis-

187 3723 236 3777 set
247 3722 269 3753 “
278 3735 298 3775 o
312 3734 404 3793 quam
417 3716 544 3791 indigna
559 3714 736 3789 perpeteris,
746 3713 900 3772 Phocion!
915 3714 932 3739 ''
948 3714 1018 3773 huie
1033 3714 1083 3773 ille
1100 3720 1120 3749 “
1131 3720 1164 3773 at
1177 3734 1239 3774 non
