2817 4300
172 368 236 432 144
357 384 576 430 sothericus
599 382 700 429 rnorr
723 382 835 427 rnrru
858 381 1038 429 Atarneus.

393 573 441 627 25.
472 573 543 627 Tim
564 571 720 627 Worrsrrrr
741 586 780 626 or
801 588 863 625 rrrr.
885 570 1004 628 Grues

213 698 312 754 Deum
338 697 469 753 maxime
493 695 678 751 Mercurium
706 695 820 751 colunt.
871 695 971 767 Hujus
997 699 1069 752 sunt
1093 696 1223 769 plurima

173 794 354 861 simulacra3
384 795 463 850 hunc
491 794 626 849 omnium
651 792 842 848 inventorem
868 792 976 848 artium
1003 794 1115 862 ferunt,
1141 795 1223 851 hunc

173 891 290 948 riarum
316 896 406 964 atque
430 890 570 947 itinerum
596 891 715 959 ducem,
740 891 821 948 hunc
844 891 883 946 ad
906 895 1051 963 quaestus
1074 891 1223 964 pecuniae

174 994 419 1061 mercaturasque
430 989 542 1045 habere
555 988 616 1044 vim
631 988 797 1044 maximam
812 988 1009 1045 arbitrantur.
1053 990 1128 1047 Post
1142 990 1224 1046 hunc

172 1086 348 1160 Apollinem
360 1091 391 1143 et
405 1086 537 1142 Martem
548 1090 579 1142 et
593 1085 614 1142 J
615 1103 702 1141 ovem
715 1094 745 1141 et
756 1085 938 1142 Minervam.
976 1086 1024 1142 De
1036 1087 1082 1142 his
1094 1087 1223 1143 eandem

173 1185 238 1241 fere
266 1201 357 1256 quam
385 1183 517 1256 reliquae
545 1187 654 1259 gentes
681 1183 797 1239 habent
821 1183 1012 1256 opinionem:
1046 1183 1224 1256 Apollinem

172 1281 295 1338 morbos
313 1280 476 1354 depellere,
493 1280 666 1336 Minervam
679 1297 805 1353 operum
820 1285 911 1353 atque
926 1281 1121 1337 artificiorum
1136 1280 1224 1337 initia

171 1376 304 1448 tradere,
326 1379 438 1436 iovem
462 1377 620 1451 imperium
645 1377 822 1434 caelestium
847 1381 961 1446 tenere,
985 1378 1117 1434 Martem
1142 1377 1223 1435 bella

172 1494 287 1552 regere.
331 1475 424 1544 Huic,
444 1493 512 1532 cum
533 1474 649 1549 proelio
669 1475 814 1532 dimicare
836 1475 1071 1545 constituerunt,
1087 1493 1123 1531 ea
1144 1493 1223 1548 quae

171 1575 252 1631 bello
272 1573 409 1648 ceperint
430 1573 605 1647 plerumque
627 1573 799 1641 devovent3
822 1590 890 1629 eum
909 1578 1140 1645 superaverunt,
1157 1573 1223 1629 ani-

170 1672 263 1728 malia
277 1677 368 1745 capta
383 1670 551 1739 immolant,
568 1669 700 1743 reliquas
715 1687 763 1725 res
778 1670 809 1725 in
825 1687 917 1726 unum
931 1669 1031 1727 locum
1046 1672 1220 1728 conferunt.

172 1769 280 1825 Multis
302 1769 333 1824 in
356 1767 531 1825 civitatibus
552 1767 658 1822 harum
680 1785 782 1823 rerum
803 1772 977 1824 exstructos
999 1768 1131 1824 tumulos
1146 1768 1221 1826 locis

172 1865 359 1923 consecratis
381 1865 552 1939 conspicari
573 1864 655 1933 licet,
673 1881 769 1936 neque
792 1882 883 1938 saepe
905 1865 1016 1921 accidit
1032 1870 1067 1921 ut
1082 1866 1222 1941 neglecta

171 1963 323 2037 quispiam
347 1963 493 2038 religione
520 1966 573 2018 aut
595 1966 686 2034 capta
709 1962 790 2034 apud
813 1979 846 2018 se
869 1962 1020 2019 occultare
1045 1968 1097 2019 aut
1119 1963 1221 2036 posita

172 2061 278 2118 tollere
300 2061 445 2128 auderet3
468 2059 683 2134 gravissimum
704 2058 733 2114 ei
747 2059 791 2114 rei
806 2059 986 2132 supplicium
1002 2077 1070 2116 cum
1086 2061 1221 2117 cruciatu

171 2159 372 2216 constitutum
387 2163 444 2214 est.

562 2307 609 2361 26.
639 2307 830 2392 hlnnrrrrou.

210 2420 287 2478 Acie
309 2421 352 2477 ita
367 2420 518 2489 ordinata,
534 2437 626 2493 quum
641 2418 739 2476 caesis
755 2420 863 2477 hostiis
878 2422 1013 2479 secunda
1027 2422 1129 2478 omina
1143 2439 1220 2478 nun-

171 2518 248 2575 tiata
268 2524 382 2587 essent,
400 2517 606 2574 Athenienses
627 2517 700 2573 dato
722 2516 811 2591 signo
828 2535 949 2593 pugnae
964 2536 1054 2575 cursu
1069 2518 1100 2574 in
1115 2519 1220 2575 hostes

170 2615 403 2672 contenderunt.
457 2613 535 2670 Tum
560 2631 633 2670 vero
660 2615 785 2683 Persae,
812 2614 863 2670 ubi
892 2632 981 2671 cursu
1010 2616 1157 2672 adversus
1186 2633 1219 2673 se

170 2713 318 2769 irruentes
337 2712 440 2768 hostes
455 2710 607 2781 viderunt,
625 2712 663 2767 ad
678 2711 876 2784 excipiendos
891 2712 960 2769 illos
974 2730 1007 2769 se
1022 2718 1217 2786 paraverunt.

168 2809 305 2866 Aiebant
325 2809 406 2865 enim
423 2814 444 2841 ‘⁶
457 2809 557 2865 furere
578 2809 796 2878 Athenienses,
814 2814 845 2865 et
861 2809 892 2865 in
907 2810 1069 2883 perniciem
1086 2828 1216 2880 currere,

169 2906 220 2979 qui
248 2911 312 2963 tam
340 2905 429 2979 pauci
457 2910 561 2962 essent
590 2923 687 2978 neque
717 2906 885 2979 equitatum
914 2924 1011 2979 neque
1040 2908 1218 2982 sagittarios

168 3002 349 3061 haberent.'³
401 3004 446 3059 At
473 3003 692 3072 Athenienses,
721 3021 811 3076 quum
841 3020 949 3060 manus
978 3005 1216 3075 conseruissent,

169 3119 302 3177 pugnam
323 3100 500 3158 commisere
518 3105 685 3156 memoratu
700 3100 836 3175 dignam.
880 3100 974 3157 Primi
989 3090 1069 3159 en'im
1083 3102 1218 3159 omnium

168 3199 354 3256 Graecorum
380 3198 411 3254 in
435 3197 546 3254 Persas
572 3197 717 3271 impetum
740 3199 842 3254 facere
866 3199 931 3254 ausi
955 3204 1044 3255 sunt:
1076 3205 1107 3257 et
1129 3200 1217 3274 primi

169 3298 379 3355 sustinuerunt
406 3295 560 3351 Medicam
584 3299 701 3351 vestem
731 3294 885 3368 aspicere3
916 3312 1007 3368 quum
1038 3302 1109 3354 ante
1133 3296 1218 3353 illum

168 3398 248 3454 diem
263 3396 312 3453 vel
330 3412 441 3451 nomen
456 3394 617 3449 Medorum
632 3392 760 3449 Graecis
775 3393 929 3449 horrorem
945 3392 1135 3451 incussisset.
1179 3394 1217 3451 In

167 3496 268 3553 media
283 3494 347 3551 acie
362 3493 501 3551 vicerunt
515 3491 636 3547 barbari
648 3509 655 3559 3
677 3491 729 3563 qui
743 3493 801 3547 hac
815 3496 901 3565 parte
915 3491 1058 3558 victores,
1072 3498 1218 3566 perrupta

168 3593 244 3658 acie,
267 3591 420 3667 fugientes
444 3589 593 3664 persecuti
615 3594 696 3646 sunt.
741 3590 786 3646 At
805 3589 836 3644 in
860 3595 986 3662 utroque
1009 3608 1101 3647 cornu
1123 3609 1217 3664 penes

167 3689 375 3747 Athenienses
397 3691 429 3743 et
448 3686 647 3744 Plataeenses
668 3686 797 3744 victoria
822 3687 917 3743 stetit.
961 3687 1002 3743 Et
1026 3688 1056 3744 hi
1081 3689 1215 3761 quidem,

167 3786 289 3843 omissis
309 3784 449 3842 barbaris
467 3800 545 3857 quos
560 3782 591 3838 in
606 3783 713 3857 fugam
727 3787 892 3851 verterant,
910 3781 978 3839 illos
994 3785 1130 3859 aggressi
1146 3792 1218 3843 sunt
