2817 4300
186 372 249 435 234
367 388 584 434 3111011013
608 387 709 433 raon
733 387 846 431 11111
868 385 1051 433 11111013.

185 577 243 632 que
268 559 371 615 omnia
399 559 576 631 exquirere3
613 558 744 615 dormire
773 557 856 632 prius
881 574 972 630 quam
1000 558 1099 614 somni
1123 558 1236 632 cupido

184 663 283 725 essct3
307 675 367 712 101
383 657 497 712 famem
512 661 564 712 aut
578 656 671 725 sitim,
685 672 783 728 neque
799 655 895 730 frigus
910 671 1007 726 neque
1022 655 1236 712 lassitudinem

184 754 328 828 opperiri,
345 754 401 811 sed
415 772 452 810 ea
466 753 569 810 omnia
590 753 664 810 luxu
686 757 880 826 antecapere.
923 752 1011 810 Haec
1028 755 1232 826 juventutem,

184 851 236 907 uhi
265 852 432 913 familiares
460 869 535 925 opes
560 851 750 920 defecerant,
777 851 816 908 ad
845 851 981 908 facinora
1009 850 1233 908 incendebant:

184 949 302 1005 animus
318 949 452 1006 imbutus
463 949 551 1004 malis
562 949 679 1006 artibus
691 948 772 1005 haud
786 949 875 1005 facile
886 947 1073 1004 lubidinibus
1088 949 1214 1005 carebat
1226 969 1232 1003 :

183 1064 220 1102 eo
241 1047 397 1119 profusius
419 1047 560 1102 omnibus
575 1045 673 1102 modis
688 1044 829 1118 quaestui
844 1049 934 1118 atque
955 1044 1090 1118 sumptui
1111 1045 1234 1102 deditus

183 1149 259 1200 erat.

596 1308 664 1362 124.
695 1304 815 1363 00101.

224 1435 332 1494 Conon
356 1437 556 1494 Atheniensis
584 1436 808 1511 Peloponnesio
835 1435 916 1493 bello
945 1435 1074 1493 accessit
1101 1436 1140 1492 ad
1168 1453 1235 1492 rem

183 1533 346 1608 publicam,
362 1533 394 1591 in
410 1553 505 1608 eoque
520 1533 588 1606 ejus
602 1552 696 1607 opera
717 1533 820 1606 magni
842 1533 911 1590 fuit.
956 1533 1037 1589 Nam
1059 1538 1090 1590 31
1111 1537 1235 1607 praetor

184 1632 376 1705 pedestribus
392 1632 576 1689 exercitibus
591 1633 726 1704 praefuit
741 1637 772 1688 01
786 1632 961 1704 praefectus
976 1630 1084 1688 classis
1104 1648 1234 1706 magnas

183 1728 258 1784 11311
273 1747 322 1785 res
336 1729 443 1804 gessit.
488 1729 571 1801 Quas
586 1730 626 1785 ob
641 1746 750 1785 causas
766 1727 947 1802 praecipuus
962 1728 990 1785 ei
1001 1729 1098 1785 honos
1110 1727 1234 1786 habitus

182 1831 241 1883 331.
285 1826 425 1899 Namque
440 1827 581 1883 omnibus
603 1844 682 1882 unus
704 1825 811 1882 insulis
834 1825 979 1899 praefuit,
996 1825 1027 1881 in
1048 1843 1109 1898 qua
1129 1831 1232 1898 potes-

182 1928 246 1980 tate
268 1924 380 1980 Pheras
402 1924 494 1998 cepit,
512 1923 662 1981 coloniam
684 1923 1003 1980 Lacedaemoniorum.
1047 1923 1119 1980 Fuit
1140 1923 1233 1979 etiam

183 2025 321 2078 extremo
334 2021 559 2094 Peloponnesio
573 2021 654 2078 bello
669 2027 801 2094 praetor,
819 2038 886 2077 curn
902 2020 982 2094 apud
997 2020 1103 2096 Aegos
1121 2020 1233 2076 flumen

183 2118 289 2192 copiae
304 2118 538 2176 Atheniensium
554 2119 593 2175 ab
615 2119 776 2194 Lysandro
798 2123 870 2175 sunt
891 2117 1040 2176 devictae.
1085 2116 1145 2175 Sed
1167 2121 1233 2174 tum

183 2217 272 2284 afuit,
290 2234 386 2289 eoque
401 2218 489 2290 pejus
503 2234 552 2276 res
568 2216 781 2273 administrata
802 2221 867 2273 est:
890 2233 962 2271 nam
983 2215 1019 2273 et'
1035 2216 1167 2289 prudens
1189 2216 1233 2272 rei

182 2314 322 2370 militaris
337 2320 369 2370 31
383 2313 513 2390 diligens
535 2319 601 2371 erat
621 2313 796 2388 imperator.
841 2313 950 2385 Itaque
972 2313 1086 2369 nemini
1107 2317 1174 2369 erat
1194 2312 1233 2369 iis

182 2411 371 2485 temporibus
392 2412 529 2480 dubium,
551 2411 577 2467 si
598 2411 761 2480 adfuisset,
778 2410 861 2466 1113111
882 2410 1088 2466 Athenienses
1110 2409 1232 2466 calami·

182 2514 277 2565 tatem
293 2514 473 2581 accepturos
488 2525 548 2564 101
565 2508 672 2564 fuisse.

223 2606 327 2662 Rebus
342 2611 443 2662 autem
459 2605 600 2674 adflictis,
617 2624 684 2662 cum
701 2605 831 2679 patriam
850 2604 982 2661 obsideri
1005 2604 1153 2670 audisset,
1170 2621 1231 2660 101

182 2704 344 2776 quaesivit,
369 2703 420 2759 ubi
445 2702 510 2777 ipse
533 2708 600 2759 tuto
622 2684 751 2771 viveret,
776 2702 831 2758 sed
853 2702 931 2757 unde
953 2702 1105 2774 praesidio
1119 2705 1234 2774 posset

182 2818 250 2857 esse
285 2800 403 2857 civibus
438 2800 512 2856 3113.
556 2801 664 2872 Itaque
700 2799 829 2856 contulit
857 2816 889 2856 33
919 2799 957 2856 ad
970 2810 971 2813 ’
985 2798 1230 2867 Pharnabazum,

182 2902 336 2971 satrapem
351 2898 456 2953 Ioniae
472 2902 503 2953 et
518 2896 633 2971 Lydiae
649 2897 837 2969 eundemque
852 2914 997 2971 generum
1011 2896 1092 2972 regis
1110 2904 1141 2952 et
1163 2913 1232 2969 pro·

181 2995 346 3069 pinquum:
369 2995 449 3067 apud
465 3012 555 3066 quem
568 2998 603 3050 ut
617 2994 744 3050 multum
760 2994 860 3069 gratia
874 2993 1001 3062 valeret,
1019 2993 1113 3049 multo
1127 2992 1232 3050 labore

182 3092 345 3165 multisque
360 3091 461 3148 effecit
475 3089 628 3165 periculis.
673 3092 755 3147 Nam
770 3108 836 3147 curn
854 3090 1087 3165 Lacedaemonii
1102 3090 1230 3146 Atheni-

182 3189 306 3246 ensibus
322 3189 450 3247 deviotis
465 3188 495 3245 iu
511 3188 659 3246 societate
674 3205 734 3245 non
757 3193 926 3257 manerent,
943 3205 1034 3260 quam
1056 3205 1124 3245 cum
1138 3188 1230 3245 Arta·

181 3305 278 3344 xerxe
293 3288 442 3356 fecerant,
459 3285 699 3362 Agesilaumque
719 3286 864 3353 bellatum
886 3286 1043 3344 misissent
1063 3285 1094 3342 in
1109 3287 1229 3355 Asiam,

182 3386 314 3442 maxime
343 3384 465 3459 impulsi
493 3403 511 3440 a
539 3384 756 3458 Tissapherne,
787 3385 838 3457 qui
867 3402 906 3441 ex
935 3384 1051 3442 intimis
1079 3385 1159 3460 regis
1191 3384 1231 3441 ab

182 3483 315 3540 amicitia
329 3483 396 3555 ejus
410 3483 567 3540 defecerat
585 3487 617 3539 et
638 3500 706 3540 cum
727 3482 978 3540 Lacedaemoniis
1000 3482 1115 3541 coierat
1136 3482 1232 3539 socie·

181 3584 287 3648 tatem,
303 3580 383 3637 hunc
398 3580 546 3637 adversus
559 3580 778 3637 Pharnabazus
794 3580 915 3637 habitus
937 3585 985 3637 est
1006 3579 1181 3653 imperator,
1198 3596 1231 3636 13

181 3676 304 3748 quidem
317 3694 391 3731 vcra
405 3676 551 3733 exercitui
566 3678 698 3749 praefuit
712 3676 819 3735 Conon
835 3678 961 3751 ejusque
982 3678 1084 3733 omnia
1105 3676 1232 3733 arbitrio

182 3775 271 3844 gesta
285 3776 368 3827 sunt.
411 3770 473 3827 Η10
494 3772 619 3827 multum
641 3773 748 3831 ducem
771 3791 922 3831 summum
935 3774 1115 3849 Agesilaum
1136 3773 1231 3847 impe-

13 3873 14 3884 *
70 3918 180 3965 Α
