2817 4300
537 390 653 435 secur
676 389 873 436 nxraaors.
1166 374 1230 442 139

579 577 608 632 9.
640 575 825 633 Sruoumss.

220 688 319 761 Quum
334 691 372 748 de
387 689 543 747 Simonide
559 689 764 763 quaesivisset
778 695 926 765 tyrannus
937 691 1043 762 Hier0,
1057 693 1131 766 quid
1146 699 1229 751 esset

180 785 283 856 Deus;
306 787 493 844 deliberandi
508 787 567 844 sibi
587 805 681 844 unum
702 787 783 844 diem
804 787 981 861 postulavit.
1026 787 1126 861 Quum
1147 791 1227 848 idem

179 900 219 940 ex
240 902 277 940 eo
298 885 445 958 postridie
466 891 637 958 quaereret,
661 885 787 942 biduum
814 885 933 959 petivit.
977 885 1077 959 Quum
1105 889 1228 962 saepius

179 981 350 1055 duplicaret
371 1000 525 1040 numerum
548 983 676 1053 dierum,
698 983 912 1055 admiransque
934 984 1029 1040 Hiero
1050 986 1226 1058 requireret,

179 1096 233 1136 cur
247 1079 290 1135 ita
304 1080 438 1137 faceret:
463 1086 484 1114 “
496 1080 608 1153 Quia‚”
627 1081 735 1154 inquit,
754 1086 775 1113 ‘⁶
787 1085 902 1153 quanto
919 1081 1045 1154 diutine,
1054 1083 1226 1152 considero,

156 1234 158 1243 ,
179 1181 267 1233 tanto
281 1176 354 1232 mibi
367 1194 416 1234 res
430 1177 551 1235 videtur
565 1177 754 1236 obscurior.'’

304 1355 351 1410 10.
382 1355 466 1411 How
485 1356 625 1412 Paasmu
647 1354 802 1413 Sonnmas
823 1372 885 1412 aas
906 1373 1015 1412 arrian
1037 1371 1106 1414 our.

218 1478 332 1536 Persae
347 1479 404 1536 hoc
418 1479 511 1536 modo
525 1479 665 1536 instructi
680 1485 763 1536 sunt.
804 1479 841 1535 In
857 1480 957 1553 eapite
973 1480 1070 1554 pileos
1084 1485 1227 1556 gestant;

178 1575 234 1632 hos
249 1575 343 1632 tiaras
359 1581 489 1634 vocant:
510 1575 590 1633 circa
605 1594 728 1650 corpus,
741 1576 861 1634 tunicas
876 1577 1045 1635 manicatas
1057 1578 1133 1634 varii
1148 1579 1229 1636 colo-

178 1673 232 1742 ris,
246 1677 277 1729 et
290 1672 400 1730 loricas
415 1673 523 1730 ferreis
538 1673 672 1746 squamis
688 1674 718 1730 in
734 1674 863 1748 piscium
880 1674 1126 1732 similitudinem:
1149 1677 1230 1735 circa

179 1787 278 1840 crura,
294 1770 439 1828 braccas:
463 1788 518 1845 pro
539 1771 646 1844 clipeis
666 1788 751 1840 vero,
768 1777 868 1828 crates
886 1772 1046 1829 vimineas.
1090 1774 1120 1829 A
1142 1778 1230 1850 tergo

179 1885 346 1942 suspensas
362 1869 482 1925 babent
502 1869 679 1942 pharetras:
702 1869 810 1926 hastae
828 1869 937 1927 breves
953 1875 1035 1939 suut,
1053 1887 1140 1928 arcus
1156 1889 1229 1928 vero

178 1967 323 2041 grandes,
347 1967 414 2023 tela'
429 1983 469 2024 ex
490 1966 655 2022 arundine:
686 1970 844 2039 praeterea
865 1967 905 2023 ad
930 1967 1071 2024 dextrum
1094 1969 1192 2025 femur
1212 1985 1228 2026 e

179 2079 257 2119 zona
272 2081 440 2137 suspensus
455 2069 503 2120 est
520 2065 623 2139 pugio.

462 2228 509 2282 11.
540 2226 611 2282 Tan
632 2225 752 2282 Powaa
773 2243 811 2283 or
833 2226 950 2285 Uurou.

218 2339 366 2414 Agricola
381 2357 488 2409 senex,
504 2357 596 2413 quum
611 2344 739 2395 mortem
755 2339 813 2395 sibi
828 2340 1072 2413 appropinquare
1088 2341 1227 2411 sentiret,

178 2436 256 2492 filios
285 2437 476 2504 convocavit,
500 2454 589 2510 quos,
612 2441 647 2493 ut
667 2436 731 2493 fieri
760 2428 849 2505 sol'et,
873 2436 1023 2494 interdum
1053 2438 1229 2496 discordare

179 2539 317 2603 noverat,
334 2538 366 2591 et
379 2534 496 2591 fascem
511 2533 697 2609 virgularum
712 2534 812 2591 afferri
828 2534 929 2607 jubet.
974 2534 1091 2607 Quibus
1114 2535 1227 2607 allatis

156 2689 158 2691 ,
178 2631 257 2688 filios
268 2632 417 2701 hortatur,
428 2637 462 2689 ut
477 2632 555 2689 hunc
567 2633 681 2689 fascem
694 2632 882 2707 frangerent.
921 2632 1010 2706 Quod
1022 2651 1114 2707 quum
1126 2634 1228 2691 facere

180 2747 241 2785 non
261 2735 399 2803 possent,
416 2730 572 2786 distribuit
593 2728 731 2804 singulas
746 2729 860 2805 virgas,
877 2730 975 2803 iisque
997 2722 1134 2788 celeriter
1148 2732 1229 2788 frao-

180 2827 231 2896 tis,
255 2828 359 2883 docuit
379 2827 459 2897 illos,
483 2844 574 2899 quam
594 2826 681 2882 firma
702 2843 751 2883 res
773 2831 856 2883 esset
881 2827 1054 2897 concordia,
1078 2844 1228 2901 quamque

180 2923 338 2981 imbecillis
352 2924 515 2981 discordia.

429 3086 476 3140 12.
507 3085 656 3141 Rseuucs
676 3100 777 3141 usses
798 3101 849 3141 urs
870 3085 983 3142 Woen.

218 3198 323 3255 Primo
350 3198 431 3256 bello
458 3198 575 3255 Punico
606 3198 752 3273 Regulus,
781 3198 845 3255 dux
874 3198 1042 3267 Romanus,
1073 3205 1181 3273 captus
1211 3218 1229 3256 a

164 3295 304 3365 ¹Poenis,
328 3296 365 3353 de
387 3295 517 3369 captivis
539 3295 762 3352 commutandis
792 3295 920 3351 Romam
943 3293 1055 3351 missus
1081 3301 1138 3352 est.
1182 3298 1227 3366 Is,

180 3409 271 3465 quum
301 3390 484 3467 Carthagine
512 3392 621 3461 abiret,
646 3394 762 3465 juravit
787 3410 819 3449 se
843 3409 879 3448 eo
902 3392 1068 3449 rediturum
1099 3392 1158 3449 nisi
1183 3394 1230 3450 sui

180 3490 263 3547 cives
285 3491 475 3547 conditiones
497 3490 656 3548 fecissent.
699 3489 745 3546 At
766 3488 816 3546 ille
838 3489 1001 3573 in3senatu
1015 3489 1154 3564 captivos
1169 3509 1230 3548 nou

181 3605 248 3645 esse
274 3589 505 3646 commutandos
534 3587 719 3645 declaravit:
749 3587 870 3657 deinde,
894 3604 986 3660 quum
1015 3588 1178 3662 propinqui
1200 3593 1232 3646 et

181 3686 269 3743 amici
291 3686 421 3743 retinere
442 3691 636 3753 conarentur,
660 3704 700 3742 ex
722 3685 796 3741 urbe
826 3686 976 3741 decessit:
1007 3686 1078 3759 quia
1100 3686 1138 3743 ad
1161 3703 1231 3759 sup·

182 3782 304 3857 plicium
319 3782 418 3840 redire
432 3782 551 3852 maluit,
568 3799 658 3855 quam
673 3782 763 3838 fidem
779 3781 860 3838 hosti
875 3781 979 3838 datam
994 3781 1112 3839 fallere.
