2817 4300
199 358 262 420 190
381 371 598 419 snnncrious
622 371 725 418 raom
749 372 860 417 namu
883 373 1063 421 Aurnoas.

426 610 475 665 82.
519 609 590 665 Tua
611 608 750 664 Hoaarrr
772 625 836 664 nnn
858 606 1013 666 Cuamrn.

238 742 331 798 Forte
346 741 376 796 in
392 740 511 796 duobus
522 746 586 795 tum
598 739 783 795 exercitibus
796 743 884 796 erant
895 739 1047 814 trigemini
1059 741 1183 812 fratrea,
1193 759 1253 800 nec

198 844 299 896 aetate
321 855 378 894 nec
398 837 514 894 viribus
534 836 684 909 dispares.
730 836 863 892 Nomina
877 836 1008 894 Albanis
1030 836 1170 908 Curiatii,
1188 841 1253 896 Ro-

198 936 297 992 manis
312 935 433 992 Horatii
448 935 545 991 fuere.
590 933 667 991 Cum
680 934 728 990 his
744 940 840 1009 agunt
853 951 953 1010 reges,
970 940 1005 993 ut
1026 953 1080 1009 pro
1096 954 1152 992 sua
1166 939 1252 1010 quis-

198 1052 256 1107 que
279 1033 379 1107 patria
399 1033 545 1090 dimicent
566 1033 667 1088 ferro:
691 1031 734 1088 ibi
749 1031 907 1105 imperium
922 1033 1000 1102 fore,
1018 1035 1098 1091 unde
1119 1035 1252 1092 victoria

198 1131 299 1188 fuerit.
344 1130 428 1187 Nihil
447 1135 622 1187 recusatur:
646 1135 766 1203 tempus
788 1134 820 1187 et
840 1129 924 1186 locus
946 1132 1100 1189 convenit.
1144 1132 1251 1189 Prius·

197 1247 289 1303 quam
304 1228 495 1297 dimicarent,
507 1228 617 1284 foedus
633 1227 726 1284 ictum
741 1227 819 1284 inter
834 1228 989 1285 Romanos
1005 1234 1036 1286 et
1047 1228 1186 1287 Albanos
1201 1239 1253 1288 est

197 1327 245 1384 his
260 1327 391 1402 legibus,
408 1331 443 1382 ut
463 1328 548 1399 cujus
572 1325 676 1399 populi
697 1327 780 1382 cives
802 1343 839 1382 eo
861 1325 1025 1384 certamine
1047 1327 1205 1398 vicissent,
1223 1328 1252 1384 is

199 1424 287 1481 alteri
302 1424 414 1498 populo
430 1441 499 1480 cum
512 1424 593 1479 bona
609 1441 684 1496 pace
699 1423 896 1496 imperitaret.

238 1522 374 1593 Foedere
396 1521 468 1590 icto,
492 1520 656 1595 trigemini,
681 1520 762 1576 sicut
783 1527 978 1590 convenerat,
1004 1539 1088 1578 arma
1111 1522 1250 1596 capiunt,

199 1624 240 1689 et,
258 1618 339 1692 pleni
354 1618 580 1674 adhortantium
597 1617 723 1674 vocibus
738 1635 871 1685 suorum,
883 1618 914 1674 in
930 1619 1063 1676 medium
1077 1620 1157 1676 iuter
1171 1621 1252 1677 duas

199 1716 280 1773 acies
295 1716 474 1789 procedunt.
518 1715 730 1771 Consederant
744 1715 894 1787 utrimque
909 1733 964 1788 pro
983 1717 1091 1773 castris
1113 1719 1174 1774 duo
1197 1735 1251 1774 ex-

198 1814 322 1882 ercitus,
354 1812 478 1886 periculi
506 1812 605 1887 magis
633 1813 815 1886 praesentis,
842 1829 933 1884 quam
961 1831 1060 1884 curae,
1086 1820 1250 1888 expertes:

198 1911 311 1984 quippe
337 1910 493 1983 imperium
516 1910 675 1984 agebatur,
698 1909 730 1964 in
752 1914 814 1965 tam
836 1927 1002 1983 paucorum
1022 1911 1135 1969 virtute
1158 1916 1253 1986 atque

199 2009 324 2064 fortuna
339 2008 481 2081 positum.
526 2007 635 2079 Itaque
657 2006 750 2063 crecti
772 2007 974 2081 suspensique
996 2008 1027 2064 in
1046 2009 1252 2085 minimegra-

198 2113 264 2163 tum
278 2104 488 2180 spectaculum
502 2105 603 2161 animo
615 2103 823 2161 intenduntur.
868 2105 982 2163 Datum
998 2106 1137 2183 signum:
1154 2108 1252 2165 infes-

199 2203 298 2277 tisque
310 2204 413 2272 armiS,
427 2203 511 2259 velut
521 2203 613 2272 acies,
627 2203 706 2259 terni
717 2204 856 2274 juveneS,
870 2222 1048 2279 magnorum
1061 2206 1249 2263 exercituum

171 2288 177 2297 ¹
199 2302 317 2358 animos
341 2305 494 2375 gereutcS,
519 2305 712 2356 concurrunt.
766 2299 832 2357 Nec
853 2300 900 2357 his
922 2319 978 2358 nec
1000 2302 1059 2359 illis
1083 2304 1251 2377 periculum

199 2417 306 2467 suum3
336 2398 489 2472 publicum
512 2397 670 2471 imperium
692 2397 910 2471 servitiumque
932 2399 1113 2458 obversatur
1134 2401 1248 2466 animo,

198 2498 362 2569 futuraque
377 2514 414 2553 ca
428 2495 537 2551 deinde
555 2494 671 2568 patriae
687 2496 823 2564 fortuna,
833 2513 923 2567 quam
936 2496 994 2569 ipsi
1009 2498 1175 2555 fecissent:
1205 2498 1252 2557 Ut

199 2594 297 2667 primo
319 2593 422 2649 statim
444 2610 594 2649 concursu
611 2592 787 2665 increpuere
803 2610 897 2659 arma,
914 2594 1122 2667 micantesque
1137 2597 1250 2653 fulsere

198 2691 304 2767 gladii,
321 2691 427 2747 horror
442 2689 549 2764 ingens
565 2694 741 2763 spectantes
755 2690 951 2766 perstringit:
976 2696 1017 2761 et,
1035 2698 1143 2749 neutro
1165 2693 1250 2750 incli-

199 2794 273 2845 nata
288 2806 354 2862 spe,
371 2788 513 2860 torpebat
526 2804 589 2844 vox
604 2786 800 2859 spiritusque.
846 2785 1004 2845 Consertis
1022 2790 1132 2847 deinde
1153 2792 1250 2847 mani-

199 2886 268 2953 bus,
295 2903 388 2958 quum
412 2887 475 2958 jam
504 2901 567 2940 non
591 2889 692 2941 motus
717 2890 837 2942 tantum
862 2903 1033 2959 corporum,
1061 2888 1251 2963 agitatioque

138 3032 141 3038 .
199 3000 313 3056 anceps
328 2981 456 3039 telorum
475 2999 696 3055 armorumque,
714 2983 769 3040 sed
782 2982 909 3040 vulnera
931 3000 1050 3057 quoque
1072 2990 1103 3042 et
1124 2986 1250 3061 sanguis

199 3080 376 3155 spectaculo
390 3084 512 3149 essent;
535 3073 596 3136 duo
611 3080 753 3149 Romani,
765 3098 856 3153 super
871 3080 963 3137 alium
978 3082 1067 3151 alius,
1081 3082 1250 3140 vulneratis

199 3180 296 3236 tribus
315 3177 458 3244 Albanis,
475 3178 669 3251 exspirantes
691 3183 878 3235 corruerunt.
923 3179 974 3235 Ad
996 3196 1123 3251 quorum
1145 3198 1251 3238 casum

199 3294 293 3349 quum
307 3276 530 3333 conclamasset
542 3276 655 3351 gaudio
668 3274 811 3331 Albanus
826 3276 989 3343 exercitus,
1007 3277 1161 3335 Romanas
1175 3277 1250 3354 legi-

199 3392 273 3430 ones
289 3375 351 3447 jam
364 3391 434 3447 spes
449 3378 526 3443 tota,
538 3372 673 3429 nondum
683 3379 785 3428 tamen
795 3366 878 3443 cura,
890 3373 1078 3443 deseruerat,
1091 3375 1250 3432 exanimes

199 3472 266 3528 vioe
282 3472 382 3539 unius,
399 3488 489 3543 quem
506 3475 568 3527 tres
591 3468 719 3527 Curiatii
741 3470 1013 3527 circumsteterant.
1056 3471 1148 3527 Forte
1163 3472 1190 3527 is
1205 3472 1251 3528 in-

199 3576 285 3645 teger
307 3570 377 3638 fuit,
401 3573 435 3623 ut
456 3567 606 3623 universis
629 3567 712 3623 solus
734 3584 925 3640 nequaquam
947 3586 1013 3641 par,
1036 3567 1081 3647 sic
1102 3569 1250 3627 adversus

200 3666 338 3741 singulos
353 3667 453 3722 ferox.
495 3665 588 3739 Ergo,
600 3670 635 3720 ut
649 3670 827 3739 segregaret
841 3682 974 3739 pugnam
990 3682 1105 3735 eorum,
1117 3668 1252 3739 capessit

200 3764 319 3837 fugam,
336 3761 380 3818 ita
394 3765 480 3817 ratus
495 3764 666 3830 secuturos,
677 3765 712 3817 ut
725 3777 874 3834 quemque
888 3761 1012 3819 vulnere
1028 3764 1172 3819 affectum
1186 3780 1251 3819 cor-
