2817 4300
448 406 628 452 nxrnorrs
653 407 699 452 or
724 405 966 454 sufflans.
1186 392 1228 455 33

175 579 296 637 tantum
314 564 500 634 intuebatur.
544 558 615 633 Una
635 577 708 650 ergo
726 577 808 646 navi,
824 574 1174 652 quam¹petrae1luctus

176 677 315 744 illiserat,
346 674 500 741 haerente,
531 678 670 729 caeterae
705 674 858 730 evadunt:
894 693 1038 748 armaque
1067 693 1174 750 capere

176 773 301 840 militeS,
318 775 349 828 et
364 770 406 827 ire
422 769 453 827 in
467 769 606 826 ordinem
620 769 722 842 J'ussit.

217 865 305 926 XIV.
350 869 400 922 45.
430 867 562 938 Jamque
599 883 707 940 agmen
742 867 774 924 in
808 886 923 924 cornua
950 868 1082 925 divisum
1110 869 1175 942 ipse

176 968 320 1035 ducebat,
344 966 413 1022 cum
434 965 515 1021 Poro
537 964 709 1033 nunciatur,
733 965 827 1021 armis
847 966 981 1039 virisque
1003 966 1101 1040 ripam
1122 968 1175 1023 ob·
1211 975 1228 1023 5

176 1065 278 1133 tineri,
310 1068 341 1120 et
355 1080 455 1120 rerum
483 1063 592 1120 adesse
620 1063 795 1118 discrimen.
838 1063 887 1120 Ac
914 1063 1022 1137 primo,
1053 1064 1175 1120 humani
1251 1055 1257 1062 ’

176 1163 290 1238 ingenii
304 1160 406 1231 ²viti0,
424 1159 491 1235 spei
507 1177 580 1218 suae
596 1159 769 1235 indulgens
782 1160 947 1217 Abisarem
960 1161 1031 1217 belli
1046 1161 1173 1231 socium,

95 1248 98 1254 ’
181 1261 229 1336 (et
253 1261 296 1317 ita
318 1256 532 1333 convenerat)
560 1258 727 1314 adventare
749 1259 904 1314 credebat.
957 1259 1034 1315 Mox
1056 1258 1175 1331 liquidi-

176 1376 230 1415 ore
251 1357 317 1414 lnce
339 1355 494 1432 aperiente
517 1356 647 1423 hostem,
671 1356 849 1431 quadrigae,
872 1360 905 1412 et
928 1361 1059 1429 quatuor
1082 1356 1176 1412 millia

177 1455 312 1528 equitum
327 1452 463 1512 venienti
485 1452 599 1527 agmini
621 1453 720 1509 Porus
741 1453 866 1526 obJecit.
911 1453 985 1509 Dux
1007 1457 1073 1510 erat
1093 1453 1229 1527 copi-10

177 1571 273 1621 arum,
286 1569 364 1626 quas
379 1550 547 1624 praemisit,
561 1550 667 1626 Hages
680 1551 776 1607 trater
787 1550 894 1624 ipsine.
933 1549 1057 1608 Summa
1067 1551 1175 1608 virium

177 1651 210 1706 in
231 1649 378 1706 curribus.
423 1645 521 1705 Senos
544 1647 625 1705 viros
647 1647 760 1723 singuli
781 1648 944 1717 vehebant,
967 1648 1044 1705 duos
1057 1645 1175 1723 ³olype·

177 1753 258 1817 atos,
295 1747 372 1803 duos
408 1744 584 1821 sagittarios
620 1745 660 1801 ab
695 1752 824 1819 utroque
859 1745 954 1802 latere
989 1746 1175 1820 dispositos;

177 1845 291 1902 caeteri
309 1840 449 1918 ⁴aur1gae
468 1847 557 1900 erant
577 1842 658 1899 haud
675 1842 750 1899 sane
772 1842 920 1899 inermes:
944 1843 1056 1917 'quippe
1075 1843 1177 1916 jacula

177 1942 344 2016 complura,
359 1941 411 1996 ubi
423 1940 561 1997 cominbs
576 1940 787 2013 proeliandum
798 1947 875 2010 erat,
887 1938 1027 1996 ⁵omissis
1039 1941 1177 2010 habenis,
1193 1948 1229 1997 15

178 2040 210 2097 in
238 2041 357 2096 hostem
385 2038 576 2112 ingerebant.
621 2036 784 2094 Caeterum
807 2038 861 2095 vix
882 2037 962 2094 ullus
986 2055 1060 2093 usus
1084 2038 1176 2110 hujus

178 2137 286 2195 auxilii
301 2155 336 2193 eo
351 2136 400 2193 die
416 2135 486 2194 fuit.
532 2135 672 2209 Namque
692 2134 742 2213 (ut
756 2135 849 2210 supra
863 2135 977 2193 dictum
992 2134 1055 2209 est)
1081 2135 1177 2193 imber

178 2235 342 2293 violentius
357 2233 447 2307 quam
463 2233 539 2291 alias
557 2235 656 2303 fusus,
673 2251 799 2307 campos
820 2233 953 2289 lubricos
975 2238 1007 2291 et
1027 2232 1175 2307 inequita»

177 2334 255 2391 biles
290 2333 425 2389 fecerat:
467 2349 638 2408 gravesque
673 2336 704 2389 et
737 2328 972 2405 6propemodum
1007 2331 1176 2388 immobiles

156 2449 283 2489 currus
305 2427 427 2486 ⁷illuvie
448 2434 480 2487 et
500 2429 697 2504 voraginibus
718 2428 897 2485 haerebant.
942 2427 1057 2486 Contra
1080 2428 1176 2485 Alex·
1191 2434 1230 2486 20

178 2530 273 2585 ander
301 2527 448 2601 expedito
475 2544 512 2583 ac
546 2525 607 2583 levi
643 2526 765 2601 agmine
794 2526 917 2582 strenue
947 2525 1086 2582 invectus
1115 2531 1173 2582 est.

179 2626 311 2703 Scythae
321 2630 353 2682 et
363 2625 460 2681 Dahae
472 2624 560 2697 primi
571 2624 706 2680 omnium
719 2623 857 2681 invasere
869 2624 982 2680 Indos:
998 2623 1177 2681 Perdiccam

177 2725 289 2782 deinde
305 2741 373 2781 oum
388 2723 541 2798 equitibus
556 2724 588 2780 in
600 2724 745 2781 dextrum
759 2742 855 2781 cornu
868 2725 1002 2782 hostium
1015 2724 1127 2781 emisit.

219 2824 268 2880 46.
298 2822 371 2879 dam
386 2822 517 2895 undique
533 2839 636 2896 pugna
654 2840 688 2879 se
703 2827 849 2892 moverat,
865 2823 934 2879 cnm
948 2822 980 2892 ii,
997 2823 1048 2895 qui
1070 2840 1176 2880 currus

178 2922 322 2997 agebant,
340 2920 414 2978 illud
429 2920 566 2976 ultimum
579 2920 726 2977 auxilium
741 2938 865 2977 suorum
879 2920 949 2990 rati,
965 2921 1071 2977 effusis
1083 2922 1175 2978 habe·
1190 2929 1228 2979 25

178 3020 227 3076 nis
252 3019 284 3075 in
312 3018 444 3075 medinm
471 3017 635 3074 discrimen
659 3036 746 3075 ruere
771 3024 947 3092 coeperunt.
991 3019 1117 3093 Anceps
1145 3019 1175 3075 id

179 3117 292 3174 malum
306 3115 442 3188 utrisque
458 3120 535 3171 crat.
578 3116 658 3171 Nam
674 3120 706 3172 et
724 3116 929 3173 Macedonum
945 3117 1064 3190 pedites
1078 3117 1176 3190 primo

178 3214 294 3287 impetu
308 3199 557 3282 ⁸obterebantur,
574 3216 606 3269 et
625 3229 679 3286 per
700 3212 817 3270 lubrica
832 3219 923 3287 atque
944 3214 1028 3271 invia
1047 3214 1176 3270 immissi

178 3328 284 3367 currus
313 3310 511 3367 excutiebant
539 3326 603 3377 eos,
627 3328 645 3365 a
666 3310 777 3382 quibus
799 3312 992 3387 regebantur.
1037 3312 1177 3369 Aliorum
1226 3304 1235 3322 “

178 3487 187 3519 ¹
200 3494 298 3549 petrae,
311 3504 327 3534 a
339 3485 403 3535 rocla
695 3485 706 3517 ⁶
718 3488 820 3536 omissis
832 3488 951 3547 habenis,
964 3487 1044 3554 letlirrp
1053 3488 1090 3537 tlte
1099 3490 1163 3538 reios
1168 3490 1228 3555 sall.

177 3570 188 3602 2
200 3571 274 3629 vitio,
279 3568 358 3635 fault,
372 3568 498 3617 weokness.
692 3568 703 3601 ὓ
715 3570 914 3631 propemodum,
926 3569 1019 3619 almost.

177 3653 188 3685 ³
199 3654 345 3715 clypeam,
356 3651 444 3699 ormed
455 3651 510 3699 with
522 3650 619 3700 shr'elds.
695 3650 706 3683 ⁷
718 3652 810 3701 illuvie
819 3658 846 3701 et
856 3654 1034 3715 voraginibus,
1043 3653 1102 3701 mad
1110 3652 1163 3701 and
1170 3655 1229 3703 mire

177 3736 317 3798 *aurigae
334 3732 486 3784 chorioteere.
747 3734 917 3799 (quopmires).

451 3816 461 3848 ⁸
474 3817 669 3875 obterebantur,
682 3815 773 3865 tlrrown
785 3818 834 3866 into
846 3817 967 3866 disorder.
