2817 4300
186 386 249 449 164
360 402 582 448 annncmous
606 402 711 448 raom
735 401 848 447 narni
873 401 1060 448 nuruons.

186 571 360 648 defugiunt,
390 589 429 628 ne
458 572 532 645 quid
559 588 599 628 ex
627 571 811 647 contagione
846 570 1031 628 incommodi
1065 573 1242 646 accipiant;

187 686 284 741 neque
300 669 345 725 his
361 669 536 742 petentibus
547 671 598 742 jus
613 668 751 725 redditur
766 685 863 742 neque
884 670 982 725 honos
1004 669 1082 725 ullus
1104 687 1243 726 commu-

187 766 317 823 nicatur.
361 765 419 822 His
441 771 544 823 autem
564 765 707 823 omnibus
736 766 904 823 Druidlbus
926 773 1049 840 praeest
1072 784 1162 836 unus,
1187 769 1243 841 qui

187 881 338 920 summam
351 863 431 920 inter
445 881 498 920 eos
513 863 606 920 habet
622 864 847 921 auctoritatem.
891 864 961 921 Hoc
982 870 1113 934 mortuo,
1131 871 1195 934 aut,
1212 865 1242 921 si

187 961 239 1034 qui
267 979 307 1018 ex
335 960 460 1034 reliquis
488 961 613 1018 excellit
639 961 800 1036 dignitate,
832 961 987 1030 succedit;
1018 967 1080 1030 aut,
1111 961 1138 1018 si
1166 967 1243 1020 suut

187 1050 411 1133 plurcs'pares,
428 1058 575 1133 suffragio
596 1058 759 1127 Druidum,
782 1076 1011 1131 nonnumquam
1032 1059 1124 1115 etiam
1146 1061 1241 1116 armis

188 1156 226 1212 de
242 1155 412 1230 principatu
428 1156 628 1212 contendunt.
672 1155 715 1211 Hi
731 1161 814 1212 certo
829 1156 901 1212 anni
916 1164 1052 1229 tempore
1075 1156 1106 1212 in
1127 1157 1241 1213 finibus

188 1252 368 1322 Carnutum,
395 1270 474 1326 quae
499 1253 583 1329 regio
608 1253 703 1310 totius
728 1252 848 1311 Galliae
872 1254 973 1310 media
1002 1254 1141 1323 habetur,
1167 1273 1242 1311 con·

189 1351 294 1408 sidunt
307 1351 338 1406 in
353 1351 421 1407 loco
435 1355 625 1408 consecrato.
670 1350 740 1408 Huc
754 1368 860 1408 omues
883 1351 1027 1424 undique,
1044 1351 1096 1424 qui
1118 1357 1240 1409 contro·

188 1448 306 1505 versias
334 1448 460 1517 habent,
490 1447 676 1504 conveniunt
704 1464 868 1520 eorumque
897 1448 1028 1504 decretis
1056 1448 1240 1522 judiciisque

188 1551 308 1620 parent.
353 1545 525 1619 Disciplina
538 1545 569 1600 in
585 1545 745 1601 Britannia
763 1550 886 1618 reperta
907 1550 998 1618 atque
1020 1545 1090 1602 inde
1112 1546 1143 1602 in
1165 1545 1241 1604 Gal-

188 1643 260 1699 liam
275 1642 425 1699 translata
439 1660 507 1700 esse
523 1642 735 1712 existimatum
758 1647 789 1698 et
804 1659 894 1710 nunc,
912 1643 963 1715 qui
978 1642 1154 1718 diligentius
1171 1661 1241 1700 earn

188 1758 253 1796 rem
273 1757 458 1815 cognoscere
480 1738 598 1808 volunt,
622 1739 800 1813 plerumque
822 1738 874 1796 illo
896 1739 1033 1796 discendi
1055 1758 1149 1797 causa
1169 1757 1239 1814 pro-

188 1837 376 1894 ficiscuntur.

323 1999 373 2054 53.
417 1995 531 2055 (insse
551 2014 579 2054 rs
600 2013 702 2054 asnnn
724 2013 762 2054 ro
784 2013 894 2054 sarran
915 2015 936 2054 n
958 1998 1105 2056 Disrurn.

229 2113 422 2189 Eporedorix
449 2114 588 2185 AeduuS,
619 2131 739 2171 summo
772 2112 840 2171 loco
875 2119 965 2171 natus
995 2113 1172 2172 adolescens
1209 2120 1241 2173 ct

189 2230 325 2269 summae
344 2211 427 2269 domi
448 2210 615 2285 potentiae,
632 2216 663 2267 et
684 2228 746 2268 una
759 2210 981 2281 Viridomarus,
998 2211 1064 2286 pari
1085 2216 1186 2268 aetate
1208 2217 1241 2269 et

188 2310 299 2386 gratia,
324 2310 379 2366 sed
402 2325 513 2385 genere
536 2307 663 2382 dispari,
688 2325 779 2381 quem
804 2305 918 2365 Caesar
942 2308 981 2365 ab
1004 2307 1158 2365 Divitiaco
1180 2307 1241 2364 sibi

189 2408 334 2465 traditum
349 2425 389 2463 ex
403 2406 509 2463 humili
523 2406 591 2463 loco
606 2406 645 2462 ad
667 2424 815 2462 summam
837 2405 1019 2479 dignitatem
1039 2405 1237 2481 perduxerat,

188 2506 219 2561 in
243 2505 377 2578 equitum
401 2521 527 2561 numero
550 2508 768 2565 convenerant,
786 2503 964 2559 nominatim
986 2504 1026 2560 ab
1048 2520 1085 2560 eo
1105 2504 1236 2560 evocati.

188 2602 247 2659 His
270 2608 337 2659 erat
358 2602 437 2658 inter
459 2619 492 2657 se
511 2602 549 2658 dc
573 2601 745 2675 principatu
765 2601 932 2667 contentl0,
949 2606 981 2657 et
1002 2600 1033 2657 in
1055 2600 1106 2657 illa
1127 2600 1238 2677 magis-

188 2705 322 2758 tratuum
350 2698 560 2756 controversia
588 2698 665 2755 alter
700 2715 756 2772 pro
784 2696 1040 2769 Convictolitave,
1071 2698 1149 2755 alter
1183 2716 1239 2772 pro

188 2796 278 2866 Cot0,
309 2796 435 2853 summis
463 2796 574 2869 opibus
608 2800 831 2871 pugnaverant.
877 2797 925 2853 Ex
961 2796 997 2853 iis
1032 2796 1236 2871 Eporedorix,

188 2895 312 2970 cognito
327 2893 457 2951 Litavici
471 2892 611 2961 consilio,
628 2893 729 2950 media
745 2895 809 2951 fere
825 2899 914 2951 nocte
930 2911 993 2950 rem
1013 2895 1052 2951 ad
1075 2893 1237 2952 Caesarem

188 2993 307 3061 delert3
344 2997 423 3060 orat,
453 3008 491 3047 ne
520 2990 654 3063 patiatur
682 2991 837 3049 civitatem
867 2992 970 3066 pravis
999 2992 1238 3050 adolescentium

187 3089 322 3147 consiliis
344 3090 384 3146 ab
406 3088 540 3146 amicitia
561 3088 666 3168 populi
686 3089 818 3158 Romani
839 3091 978 3158 deficere,
998 3092 1079 3164 quod
1102 3094 1237 3149 futurum

188 3188 359 3261 provideat,
376 3187 403 3244 si
421 3204 453 3244 se
475 3193 523 3244 tot
542 3186 699 3243 hominum
720 3186 815 3244 millia
836 3205 902 3244 cum
924 3188 1065 3246 hostibus
1087 3190 1238 3263 conjunx-

187 3267 294 3354 erint,⁸
308 3303 436 3359 quorum
464 3285 594 3342 salutem
622 3301 720 3357 neque
749 3284 910 3359 propinqui
943 3285 1109 3362 negligere,
1140 3305 1237 3362 neque

148 3456 153 3466 ,
187 3383 296 3441 civitas
311 3383 371 3440 levi
385 3387 540 3439 momento
555 3381 716 3439 aestimare
731 3387 846 3455 posset.

207 3564 257 3618 54.
287 3560 398 3619 Caro’s
420 3558 625 3618 Consumsou
645 3576 797 3617 nrrwnnu
818 3559 932 3627 Yourn
955 3578 1018 3617 lun
1040 3560 1109 3619 Onn
1132 3564 1214 3620 Aen.
1238 3610 1240 3617 .

227 3693 313 3750 Nihil
327 3693 420 3769 igitur
433 3692 579 3749 adferunt
592 3691 644 3763 qui
659 3690 690 3747 in
709 3708 739 3747 rc
760 3692 898 3766 gerunda
912 3692 1027 3749 versari
1049 3698 1237 3751 senectutem

186 3797 319 3869 negant3
349 3789 539 3869 [similesque
554 3787 642 3868 sunt]
667 3795 702 3847 ut
723 3788 749 3847 si
771 3790 823 3864 qui
844 3790 1078 3866 gubernatorem
1099 3792 1131 3849 in
1153 3791 1237 3849 navi·
