2817 4300
178 397 199 460 4
362 408 580 456 sunncrrons
604 408 706 454 raon
730 408 843 455 naam
865 410 1050 457 auruoss.

233 599 287 657 per
309 597 359 638 n11
380 580 503 637 ordines
526 574 671 636 8cratium
693 579 724 635 in
746 585 827 636 terra
847 581 1069 655 deligebantur.
1122 581 1231 654 ltaque

234 677 393 754 pedalibus
415 673 522 752 9lignis
545 677 719 748 conjunctis
741 677 821 733 iuter
841 696 874 734 se
895 679 1031 752 porticus
1053 679 1231 754 integeban-

233 782 293 846 tur,
311 781 403 848 atque
418 776 475 831 hac
491 791 585 849 agger
606 773 684 830 inter
702 792 810 829 manus
831 776 1053 848 proferebatur.
1097 776 1231 831 Antece-

234 874 326 930 debat
345 873 467 929 testudo
482 871 592 944 pedum
608 888 649 925 Lx
665 872 818 944 aequandi
831 871 890 929 loci
905 890 998 928 causa
1009 874 1092 929 facta
1105 872 1176 928 item
1192 891 1232 928 cx

181 981 197 1028 5
234 970 412 1027 fortissimis
429 968 531 1043 lignis,
554 967 719 1024 convoluta
738 969 879 1025 omnibus
904 970 994 1026 rebus
1017 970 1128 1042 quibus
1151 970 1232 1044 ignis

233 1070 335 1142 jactus
371 1071 402 1122 et
439 1064 557 1139 lapides
593 1065 719 1121 defendi
761 1070 898 1139 possent.
952 1065 1012 1123 Sed
1052 1067 1232 1142 magnitudo

234 1183 370 1238 operum,
389 1161 519 1219 altitudo
543 1162 618 1218 muri
641 1167 732 1235 atque
755 1163 892 1232 turrium,
916 1163 1078 1220 multitudo
1100 1169 1232 1220 tormen·

235 1268 334 1319 torum
346 1278 467 1318 ornnem
481 1259 778 1316 administrationem
794 1260 946 1317 tardabat.
991 1259 1122 1317 Crebrae
1140 1261 1232 1316 etiam

236 1378 289 1434 per
306 1357 433 1415 Albicos
452 1357 627 1430 eruptiones
646 1357 761 1414 fiebant
778 1376 817 1413 cx
832 1358 945 1431 oppido
964 1358 1108 1434 ignesque
1128 1357 1233 1433 aggeri

183 1464 220 1513 10
236 1461 267 1513 et
281 1456 414 1512 turribus
429 1454 658 1523 inferebantur;
674 1471 753 1527 quac
769 1454 861 1511 facile
876 1455 973 1511 nostri
986 1454 1096 1511 milites
1106 1455 1232 1529 repelle-

235 1555 310 1609 bant
336 1551 537 1627 *magnisque
560 1550 640 1606 ultro
663 1550 757 1608 illatis
780 1551 971 1608 detrimentis
995 1570 1047 1608 eos
1070 1553 1121 1625 qui
1144 1569 1232 1626 erup-

237 1651 351 1707 tionem
379 1650 517 1706 fecerant
546 1648 576 1704 in
602 1648 748 1721 oppidum
772 1649 959 1729 rejiciebant.
1012 1649 1074 1705 ΙΙΙ.
1106 1649 1232 1706 Interim

235 1748 271 1803 L.
294 1747 441 1803 Nasidius
460 1746 498 1801 ab
522 1744 580 1801 Cn.
596 1745 744 1818 Pompeio
763 1763 830 1801 cum
854 1745 951 1803 classe
972 1748 1094 1803 navium
1113 1765 1181 1816 xvi,
1201 1746 1233 1802 in

235 1843 345 1917 quibus
364 1861 479 1916 paucae
502 1848 589 1898 erant
610 1847 745 1911 aeratae,
762 1843 797 1899 L.
813 1843 949 1899 Domitio
972 1844 1233 1900 Massiliensibus·

184 1950 219 1998 15
236 1959 294 2015 que
319 1939 456 1996 subsidio
475 1940 598 2008 missus,
618 1940 699 1995 freto
718 1937 839 1996 Siciliae
858 1939 1048 2014 imprudente
1072 1946 1163 2013 atque
1188 1941 1233 1996 in-

236 2039 381 2112 opinante
422 2035 553 2093 Curione
593 2037 780 2110 pervehitur,
819 2037 1016 2111 appulsisque
1055 2040 1233 2096 Messanam

237 2136 367 2193 navibus
392 2139 482 2208 atque
507 2133 576 2191 iude
602 2140 725 2209 propter
748 2135 941 2209 repentinum
958 2141 1103 2193 terrorem
1123 2136 1233 2211 princi·

235 2252 308 2309 pum
331 2251 367 2290 ac
390 2238 515 2289 senatus
539 2234 611 2307 fuga
634 2233 731 2302 facta,
753 2251 862 2290 navem
886 2252 925 2290 ex
946 2234 1106 2291 navalibus
1129 2252 1234 2291 eorum

236 2331 370 2388 deducit.
415 2330 483 2386 Hac
507 2330 653 2401 adjuncta
675 2330 714 2385 ad
728 2330 860 2403 reliquas
877 2349 971 2388 naves
986 2349 1106 2388 cursum
1121 2330 1234 2387 Massi·

183 2436 221 2486 20
236 2428 307 2484 liam
323 2445 430 2484 versus
452 2426 570 2500 perficit
591 2427 818 2500 praemissaque
840 2423 861 2456 ¹⁰
869 2428 947 2484 clam
968 2428 1108 2485 navicula
1129 2428 1233 2485 Domi-

237 2526 311 2581 tium
324 2524 595 2597 Massiliensesque
607 2524 645 2580 de
658 2542 714 2580 suo
725 2525 860 2581 adventu
872 2526 1015 2582 certiores
1031 2526 1108 2583 facit
1122 2544 1234 2598 eosque

236 2639 420 2697 magnopere
446 2621 584 2677 hortatur
609 2626 643 2677 ut
667 2639 772 2677 rursus
798 2640 865 2678 cum
889 2623 975 2678 Bruti
999 2623 1097 2679 classe
1122 2623 1234 2679 addit-is

238 2719 301 2775 suis
317 2718 439 2774 auxiliis
462 2718 638 2792 confligant.
683 2718 739 2773 IV.
770 2719 981 2776 Massilienses
1003 2725 1074 2793 post
1095 2721 1234 2793 superius

238 2815 463 2872 incommodum
479 2819 600 2871 veteres
621 2815 659 2871 ad
679 2816 809 2871 eundem
832 2834 989 2872 numerum
1010 2836 1048 2873 ex
1072 2817 1234 2873 navalibus

185 2921 222 2970 25
238 2913 403 2985 productas
426 2930 520 2967 naves
540 2913 713 2968 refecerant
732 2930 910 2986 summaque
931 2914 1080 2970 industria
1099 2932 1234 2971 armaue-

238 3014 307 3065 rant
335 3008 508 3083 (remigum,
528 3009 767 3084 gubernatorum
789 3028 902 3085 magna
925 3012 1014 3084 copia
1032 3011 1230 3086 suppetebat)

237 3103 504 3180 1¹piscatoriasque
528 3106 705 3178 adjecerant
729 3113 819 3179 atque
843 3112 1055 3173 contexerant,
1078 3113 1111 3164 ut
1132 3116 1237 3165 esseut

240 3204 277 3259 ab
294 3203 356 3259 ictu
372 3203 499 3259 telorum
516 3203 645 3279 remiges
661 3204 738 3270 tuti3
761 3204 817 3259 has
833 3204 999 3278 sagittariis
1016 3207 1235 3279 tormentisque

228 3350 260 3397 A.
286 3351 454 3411 Rejieiebant
466 3352 492 3398 iu
505 3352 629 3412 oppidum
642 3368 686 3399 cos
705 3352 750 3411 qui
766 3352 931 3412 eruptionem
943 3353 1063 3401 fecerant
1081 3354 1235 3415 magnisque

185 3433 348 3481 detrimentis
361 3434 442 3480 illatis
455 3433 533 3481 ultro.

392 3547 402 3579 ⁸
415 3549 535 3605 cratium,
547 3547 651 3607 lmrclles,
665 3548 746 3596 bosket
759 3548 830 3598 worlc.

392 3628 403 3661 ⁹
416 3630 502 3692 lignis,
515 3630 588 3688 wood,
601 3631 692 3678 tr'ruber.

382 3712 403 3745 1⁰
416 3714 492 3772 clam,
505 3730 557 3777 syn.
571 3713 681 3773 occulte,
693 3713 795 3773 furtim,
807 3721 917 3776 secreto,
929 3716 1018 3766 tacite.

383 3794 402 3827 11
415 3796 578 3858 piscatorias,
584 3795 763 3860 fisliayboats.
