2817 4300
555 391 722 455 vnaarn’s
746 409 882 456 mnnm.

267 598 442 657 expugnare
457 579 531 637 Itali
545 597 722 652 summaque
738 586 875 639 evertere
890 600 981 656 opum
996 601 1026 640 vr

268 679 437 746 certabant,
454 678 551 733 Troes
566 681 673 733 contra
687 677 854 735 defendere
870 679 954 736 saxis

268 791 380 849 perque
396 792 488 831 cavas
503 770 605 830 ¹densi
620 773 681 829 tela
696 774 869 847 intorquere
884 772 1064 834 ²fenestras.

266 872 413 945 Princeps
429 871 586 928 ardentem
602 871 732 928 coniecit
746 871 889 945 lampada
903 873 1025 930 Turnus
1185 883 1242 932 535

267 974 298 1026 et
311 969 464 1024 flammam
479 968 590 1024 adfixit
602 968 702 1039 lateri,
719 985 797 1042 quae
813 969 942 1043 plurima
956 977 1049 1028 vento

267 1067 413 1140 corripuit
425 1063 563 1122 ³tabulas
578 1070 610 1122 et
624 1066 764 1139 postibus
779 1067 879 1124 haesit
892 1065 1019 1126 ⁴adesis.

266 1164 395 1220 Turbati
408 1163 560 1236 trepidare
576 1163 658 1219 intus
673 1164 850 1237 frustraque
863 1161 1026 1223 “malorum

267 1261 345 1318 velle
360 1262 476 1337 fugam.
521 1261 603 1317 Dum
618 1279 651 1317 se
665 1261 836 1336 glomerant
849 1267 990 1337 retroque
1005 1265 1143 1323 residunt

267 1359 297 1416 iu
312 1365 441 1433 partem,
458 1376 536 1432 quae
551 1364 638 1433 peste
654 1364 748 1428 caret,
766 1365 830 1416 tum
845 1361 979 1434 pondere
994 1362 1084 1418 turris
1186 1369 1243 1419 540

267 1457 428 1531 procubuit
443 1457 544 1514 subito
559 1461 590 1513 et
605 1456 722 1514 caelum
737 1462 825 1515 tonat
839 1476 928 1516 omne
944 1459 1076 1535 fragore.

268 1553 440 1611 Semineces
456 1554 495 1610 ad
511 1558 634 1623 terram,
652 1553 777 1610 immani
791 1555 870 1612 mole
886 1562 1002 1626 secuta,

268 1652 438 1724 confixique
454 1650 518 1707 suis
532 1650 603 1708 telis
618 1655 650 1708 et
662 1656 789 1725 pectora
803 1653 880 1709 duro

267 1744 448 1805 ⁶transfossi
462 1748 546 1823 ligno
561 1749 698 1828 veniunt
742 1745 822 1805 ⁷Vix
836 1768 914 1806 unus
930 1751 1066 1808 Helenor

268 1851 299 1903 et
313 1846 414 1920 Lycus
429 1845 536 1920 elapsi.
581 1845 716 1919 Quorum
731 1847 905 1921 primaevus
920 1848 1067 1918 Helenor,
1186 1857 1242 1907 545

267 1943 411 2001 Maeonio
425 1943 489 2018 regi
504 1961 595 2017 quem
609 1961 699 2001 serva
714 1945 873 2020 Licymnia
888 1945 993 2002 furtim

268 2041 432 2098 sustulerat
445 2037 624 2114 ⁸vetitisque
640 2041 679 2098 ad
694 2041 818 2098 Troiam
834 2042 959 2099 miserat
974 2043 1077 2112 armis

267 2157 338 2196 ense
353 2138 430 2196 levis
444 2139 527 2196 nudo
541 2135 722 2213 ⁹parmaque
738 2139 884 2216 inglorius
900 2141 969 2197 alba
981 2159 988 2211 ;

265 2236 351 2309 isque
366 2236 418 2293 ubi
432 2254 466 2293 se
481 2236 577 2293 Turni
591 2236 691 2293 media
707 2237 786 2294 inter
800 2238 883 2293 milia
896 2238 985 2309 vidit,

266 2334 336 2391 hinc
351 2334 431 2391 acies
447 2340 538 2407 atque
552 2334 623 2391 hino
638 2334 720 2391 acies
736 2336 859 2393 adstare
874 2336 1020 2393 Latinas:
1186 2344 1244 2393 550

265 2436 300 2488 ut
314 2432 392 2498 fera,
409 2450 487 2505 quae
501 2433 600 2489 densa
614 2439 780 2489 venantum
795 2429 929 2507 l⁰saepta
944 2451 1057 2491 corona

266 2535 373 2586 contra
388 2530 449 2586 tela
464 2530 539 2586 furit
553 2546 681 2601 seseque
696 2530 778 2587 haud
793 2530 896 2587 nescia
911 2531 1001 2589 morti

266 2626 352 2683 inicit
366 2633 397 2683 et
412 2626 492 2683 saltu
507 2644 600 2700 supra
614 2628 767 2684 venabula
781 2628 890 2697 fertur,

265 2724 345 2780 baud
360 2724 448 2780 aliter
462 2724 581 2781 iuvenis
596 2724 713 2781 medios
728 2726 891 2782 moriturus
906 2726 1049 2784 inhostis

264 2820 357 2891 inruit
371 2826 412 2885 et,
430 2838 490 2894 qua
505 2820 567 2877 tela
581 2822 666 2878 videt
681 2822 874 2892 densissima,
891 2824 1000 2880 tendit.
1185 2831 1242 2881 555

234 2993 244 3025 ¹
257 2994 337 3053 densi,
350 2994 418 3053 close,
434 3012 490 3059 very
503 3011 563 3042 near
575 2993 684 3059 toqetlrer.

233 3074 245 3107 ²
256 3076 393 3137 fenestras,
406 3076 538 3140 leoli-holca

233 3157 244 3190 ⁸
256 3160 369 3219 tabulas,
381 3158 418 3207 tle
429 3161 556 3221 pontibus
568 3159 594 3207 in
605 3157 653 3208 line
666 3159 722 3209 530.

232 3240 244 3273 4
256 3242 349 3290 adesis.
385 3240 456 3301 Quos
469 3242 576 3291 flamma
588 3243 677 3291 exedit
689 3244 865 3295 adhaerendo.
875 3273 903 3282 -
912 3245 1079 3295 Tnusunnu.

232 3320 244 3355 ⁵
256 3325 385 3373 malorum
395 3346 419 3366 =
430 3339 463 3372 ex
475 3323 560 3373 malis.

232 3405 403 3465 ⁶transfossi‚
421 3406 497 3454 {trust
515 3406 621 3471 tlrrouplt.
655 3406 751 3467 “Quid
767 3408 838 3457 enim
854 3410 984 3470 miserius,
1002 3424 1083 3473 quarn
1101 3409 1242 3459 transfossi

188 3489 243 3537 suis
255 3490 322 3548 telis,
335 3497 362 3538 et
374 3505 390 3537 s
402 3490 456 3537 suis
469 3491 546 3538 sociis
556 3494 566 3537 i
576 3490 591 3511 ''

232 3569 243 3603 ⁷
255 3572 299 3620 vix
312 3587 380 3620 unus
390 3594 414 3615 :
425 3572 543 3637 referring]
555 3581 578 3620 to
590 3572 626 3620 the
639 3580 691 3633 irco,
704 3572 813 3622 Helenor
825 3574 877 3623 and
891 3574 978 3640 Lycus.

232 3652 242 3686 ⁸
254 3655 351 3704 vetitis.
387 3654 456 3713 Quia
468 3656 537 3703 servi
550 3670 566 3703 a
578 3656 674 3704 militia
685 3658 903 3718 prohibebantur.

231 3734 356 3799 ⁹parma,
369 3754 386 3783 a
397 3735 470 3784 small
480 3737 559 3784 round
571 3736 656 3785 sln'eld.

220 3815 242 3851 ¹⁰
254 3824 346 3880 saepta
358 3834 463 3878 corona,
475 3818 596 3867 encircled
607 3820 637 3883 by
650 3836 666 3865 α
678 3836 797 3884 company
810 3822 841 3884 os
847 3820 950 3869 lunters
