2817 4300
183 353 248 416 232
366 369 584 418 sannorrons
606 369 709 417 raon
731 368 845 416 narni
868 367 1049 416 Aurnoas.

223 539 337 596 Postea
352 537 467 596 Caesar
481 539 610 597 Romam
624 556 783 615 regressus
798 543 907 612 quarto
922 556 955 595 se
970 536 1127 595 consulem
1148 537 1235 606 iecit,

184 641 216 694 et
243 637 349 693 statim
376 637 417 693 ad
444 637 614 711 Hispanias
642 642 690 694 est
721 637 891 710 proiectus,
921 635 973 692 ubi
1002 634 1142 709 Pompeii
1169 634 1236 704 filii,

184 731 306 791 Gnaeus
338 739 371 792 et
400 733 527 804 Sextus,
560 734 669 810 ingens
700 734 813 791 bellum
846 737 1076 808 reparaverant.
1135 732 1238 788 Multa

184 831 301 906 proelia
324 833 460 902 fuerunt,
484 832 624 890 ultimum
649 833 732 906 apud
754 832 904 889 Mundam
928 831 1096 900 civitatem,
1120 830 1239 903 inquo

184 930 262 986 adeo
275 927 390 986 Caesar
404 947 502 1003 paene
516 930 616 987 victus
630 935 689 999 est,
703 934 747 998 ut,
762 929 952 1004 fngientibus
967 928 1043 998 suis,
1057 915 1093 984 'se
1106 927 1239 984 voluerit

183 1026 334 1095 occidere,
351 1046 389 1084 ne
406 1032 478 1101 post
491 1032 610 1084 tantam
624 1028 668 1084 rei
683 1026 974 1102 militaris-gloriam
995 1026 1027 1082 in
1049 1030 1238 1100 potestatem

184 1124 425 1182 adolescentium
456 1130 547 1181 natus
579 1142 676 1182 annos
708 1143 764 1182 sex
795 1129 826 1181 et
853 1123 1076 1200 quinquaginta
1104 1123 1235 1181 veniret.

184 1221 336 1294 Denique,
367 1222 516 1296 reparatis
544 1222 619 1291 suia,
649 1221 734 1278 vicit.
792 1223 842 1278 Ex
873 1221 1011 1295 Pompeii
1039 1220 1108 1278 filiis
1136 1221 1239 1293 maj0r

184 1317 304 1376 oooisus
319 1324 377 1386 est,
395 1319 493 1377 minor
507 1320 596 1394 fugit.
1212 1370 1215 1374 ,

224 1416 302 1473 Inde
317 1415 441 1486 Caesar,
458 1416 547 1473 bellis
568 1416 709 1474 civilibus
728 1421 794 1472 toto
809 1416 882 1473 orba
897 1415 1088 1490 compositis,
1105 1415 1239 1472 Romam

184 1513 285 1570 rediit.
339 1514 442 1590 Agere
467 1514 648 1570 insolentius
673 1513 775 1587 eoepit
800 1517 832 1570 et
853 1518 960 1570 eontra
983 1513 1239 1570 consuetudinem

185 1609 343 1668 Romanae
358 1611 519 1668 libertatis.
561 1609 661 1682 Quum
675 1628 749 1686 ergo
764 1615 795 1667 et
809 1611 939 1667 honores
955 1627 995 1667 ex
1009 1627 1065 1667 sua
1076 1610 1238 1668 voluntate

185 1713 366 1782 praestaret,
383 1708 436 1782 qui
457 1726 476 1764 a
497 1708 610 1783 populo
628 1713 720 1765 antea
733 1709 960 1778 deserebantur,
976 1725 1033 1766 neo
1054 1709 1176 1766 senatui
1197 1709 1239 1764 ad

185 1822 219 1862 se
246 1805 382 1861 venienti
407 1810 596 1883 assurgeret,
626 1805 747 1878 aliaque
774 1804 859 1881 regia
887 1822 922 1863 ao
950 1823 1047 1886 paene
1075 1807 1239 1881 tyrannica

185 1902 311 1970 faceret,
328 1903 520 1974 conjuratum
535 1908 583 1959 est
597 1903 628 1959 in
643 1921 713 1960 eum
728 1921 746 1959 a
760 1902 924 1978 sexaginta
938 1902 987 1960 vel
1001 1903 1132 1976 amplius
1148 1921 1239 1961 sena-

185 1999 302 2056 toribus
317 2000 530 2073 equitibusque
545 2000 703 2057 Romanis.
747 2001 908 2074 Praecipui
926 2001 1050 2058 fuerunt
1070 2001 1150 2058 inter
1164 2017 1239 2058 oon-

182 2099 301 2171 juratos
323 2097 385 2154 duo
408 2097 505 2167 Bruti,
530 2114 570 2155 ex
594 2116 630 2155 eo
651 2114 764 2173 genere
786 2097 884 2168 Bruti,
906 2097 959 2171 qui
981 2097 1097 2173 primus
1120 2099 1238 2156 Romae

186 2195 292 2262 consul
317 2196 420 2252 fuerat
444 2200 476 2252 et
502 2214 591 2271 reges
619 2196 790 2269 expulerat,
818 2194 854 2253 Ο.
882 2194 1008 2253 Cassius
1033 2201 1065 2254 et
1089 2195 1238 2255 Servilius

186 2290 295 2349 Casca.
335 2292 420 2367 Ergo
431 2290 557 2363 Caesar,
570 2310 663 2366 quum
678 2298 803 2350 senatus
818 2294 867 2350 die
880 2294 959 2350 inter
970 2298 1089 2351 eeteros
1100 2294 1239 2352 venisset

186 2389 226 2446 ad
240 2390 366 2458 curiam,
382 2389 480 2445 tribus
494 2394 526 2449 et
539 2390 650 2464 viginti
664 2390 841 2447 vulneribus
856 2391 1020 2447 confossus
1034 2395 1092 2448 est.

268 2630 335 2686 123.
366 2631 437 2687 Tun
459 2632 566 2687 Larsa
586 2631 730 2687 Wsrnrn
751 2648 817 2687 aar>
839 2630 971 2687 Luxuar
992 2648 1030 2689 or
1052 2632 1156 2690 Romu.

227 2775 286 2835 Sed
303 2778 401 2851 primo
415 2779 513 2854 magis
535 2778 661 2835 ambitio
675 2796 767 2852 quarn
789 2778 918 2835 avaritia
940 2778 1058 2835 animos
1080 2779 1238 2837 hominurn

185 2874 359 2945 exercebat,
375 2875 457 2947 quod
478 2880 580 2931 tamen
597 2876 705 2932 vitium
727 2875 852 2949 propius
867 2876 1011 2933 virtutem
1033 2881 1109 2933 erat.
1154 2876 1237 2934 Nam

184 2970 313 3046 gloriam
328 2972 472 3028 bonorem
487 2971 646 3045 imperium
660 2973 759 3029 bonus
771 2979 802 3029 et
816 2972 944 3047 ignavos
960 2989 1055 3045 aeque
1067 2973 1126 3029 sibi
1141 2990 1238 3049 exop-

185 3074 271 3137 tant3
294 3070 348 3125 sed
364 3068 413 3125 ille
429 3086 501 3126 vera
515 3067 566 3126 via
587 3070 705 3138 nititur,
722 3069 792 3127 huie
807 3070 878 3142 quia
899 3070 997 3127 bonae
1014 3075 1095 3129 artes
1110 3071 1235 3137 desunt,

184 3166 263 3223 dolis
285 3171 376 3239 atque
397 3166 527 3225 fallaciis
549 3167 718 3224 contendit.
768 3167 911 3224 Avaritia
932 3168 1079 3242 pecuniae
1101 3170 1238 3227 studium

185 3264 288 3333 habet,
314 3281 405 3337 quarn
434 3282 524 3322 nemo
552 3264 675 3337 sapiens
704 3264 897 3337 concupivit:
934 3282 970 3321 ea
995 3265 1083 3337 quasi
1107 3268 1237 3323 venenis

184 3362 272 3419 malis
295 3361 412 3419 imbuta
434 3380 544 3436 corpus
568 3362 761 3435 animumque
783 3360 900 3418 virilem
923 3362 1091 3432 effeminat,
1115 3380 1238 3436 semper

184 3459 302 3517 infinita
323 3460 506 3517 insatiabilis
526 3465 584 3528 est,
602 3476 699 3532 neque
722 3448 810 3532 copia
832 3474 929 3530 neque
951 3458 1055 3532 inopia
1077 3460 1234 3517 minuitur.

185 3556 246 3615 Sed
274 3561 436 3631 postquam
464 3557 500 3613 L.
528 3556 625 3622 Sulla,
652 3556 744 3612 armis
773 3560 896 3627 recepta
924 3572 956 3612 re
984 3556 1118 3629 publiea,
1145 3557 1236 3615 bonis

184 3654 278 3709 initiis
300 3654 396 3710 malos
419 3659 546 3711 eventus
567 3654 685 3719 habuit,
701 3670 809 3726 rapere
827 3669 944 3722 omnes,
961 3654 1093 3723 trahere,
1111 3654 1235 3711 domurn

184 3748 261 3804 alius
286 3748 365 3806 alius
389 3766 480 3824 agros
504 3768 625 3824 cupere,
652 3767 751 3822 neque
779 3749 902 3805 modum
928 3767 1026 3822 neque
1052 3750 1234 3809 modestiam
