2817 4300
197 379 260 442 128
381 394 598 442 sunnorrons
620 396 721 442 raon
744 395 856 462 namn
878 361 1058 444 Aurfloas.

383 582 506 639 Turnus
519 583 626 640 breaks
640 582 688 638 tie
701 583 933 657 antrustwortlry
947 585 1054 641 swerd.

269 696 391 754 Emicat
405 696 464 766 hic,
481 696 603 770 impune
619 701 743 769 putans,
761 702 792 753 et
806 713 932 770 corpore
947 703 1014 754 toto

270 795 330 852 alte
346 793 500 850 sublatum
514 794 671 869 consurgit
685 794 807 850 Turnus
823 794 854 850 in
870 812 974 852 ensem

196 899 254 950 730
269 899 301 948 et
315 891 403 948 ferit:
426 891 602 948 exclamant
614 891 711 948 Troes
726 892 897 966 trepidique
913 893 1025 962 Latini,

270 993 464 1060 arrectaeque
480 989 637 1044 amborum
652 989 745 1046 acies.
790 990 835 1046 At
849 991 981 1063 perfidus
996 991 1078 1047 ensis

270 1086 422 1161 frangitur
438 1086 468 1141 in
482 1086 643 1158 medioque
658 1087 816 1144 ardentem
831 1087 945 1144 deserit
959 1088 1021 1144 ictu
1045 1129 1052 1143 .
1078 1130 1085 1144 .
1112 1131 1118 1144 .

269 1185 300 1240 ni
315 1185 391 1259 fuga
405 1183 542 1240 subsidio
557 1183 676 1241 subeat.
720 1184 813 1259 Fugit
827 1185 910 1242 ocior
925 1203 1007 1254 euro,

269 1286 304 1338 ut
318 1277 476 1355 ¹capulum
490 1281 630 1356 ignotum
643 1281 844 1355 dextramque
860 1283 983 1356 aspexit
997 1283 1152 1340 inermem.

195 1386 253 1436 735
268 1378 364 1434 Fama
379 1386 427 1436 est
440 1376 665 1453 ²praecipitem‚
681 1364 751 1436 cum
766 1380 863 1453 prima
878 1379 909 1435 in
923 1379 1039 1453 proclia
1054 1381 1174 1437 iunctos

269 1477 496 1534 conscendebat
510 1494 616 1550 equos,
633 1477 735 1551 patrio
749 1494 892 1534 mucrone
907 1476 1024 1545 relicto,

269 1575 341 1630 dum
356 1574 500 1648 trepidat,
516 1575 631 1631 ferrum
645 1574 769 1649 aurigae
784 1575 922 1648 rapuisse
937 1574 1070 1631 Metisci.

268 1672 365 1746 quue
380 1673 443 1742 din,
459 1673 532 1729 dum
546 1677 632 1746 terga
646 1672 763 1728 dabant
778 1671 913 1744 palantia
928 1672 1048 1739 Teucri,

266 1766 423 1827 ³suffeoit:
446 1775 608 1842 postquam
624 1787 709 1825 arma
723 1769 771 1824 dei
788 1768 826 1824 ad
841 1768 989 1825 Volcania
1004 1774 1128 1825 ventum
1143 1774 1203 1838 est,

195 1873 254 1925 740
268 1865 406 1925 mortalis
420 1885 525 1924 mucro
538 1867 652 1942 glacies
668 1884 724 1924 ceu
739 1867 836 1944 futilis
852 1867 912 1922 ictu
963 1870 967 1878 '

268 1964 419 2033 dissiluit3
443 1965 528 2021 fulva
542 1964 741 2038 resplendent
756 1963 906 2038 fragmina
920 1964 1043 2020 harena.
1081 1991 1083 1996 ·

611 2141 733 2199 Turnus
744 2142 826 2214 flios.

267 2256 351 2333 Ergo
366 2275 471 2314 amens
485 2257 610 2313 diversa
625 2256 699 2330 fuga
715 2256 792 2329 petit
806 2273 939 2328 aequora
952 2256 1075 2311 Turnus

267 2360 299 2411 et
314 2372 394 2411 nunc
407 2354 477 2423 huc,
494 2353 565 2410 inde
580 2354 638 2411 huc
653 2353 785 2409 incertos
801 2352 939 2425 implicat
952 2353 1060 2421 orbes;

266 2452 399 2525 undique
415 2452 495 2509 enim
510 2452 606 2509 densa
621 2452 728 2508 Teucri
745 2450 894 2507 inclusere
910 2468 1032 2520 corona,

194 2556 251 2607 ⁷45
267 2554 358 2622 atque
373 2549 443 2607 hinc
457 2554 547 2606 rasta
562 2549 661 2622 palus,
677 2548 749 2606 hinc
764 2548 859 2605 ardua
873 2548 993 2605 moenia
1008 2549 1145 2623 cingunt.

577 2710 704 2767 AEoeos
713 2727 853 2781 parsaes.

306 2824 372 2882 Nec
387 2824 486 2880 minus
500 2823 635 2893 Aeneam
651 2840 835 2896 quamquam
850 2824 971 2880 tardata
983 2821 1114 2900 ⁴sagitta

265 2921 418 2978 interdum
432 2938 532 2996 genua
546 2921 716 2994 impediunt
730 2938 910 2993 cursumque
926 2926 1078 3002 recusant,

266 3018 436 3092 insequitur
450 3017 620 3091 trepidique
636 3018 745 3091 pedem
761 3018 838 3091 pede
854 3018 991 3075 fervidus
1006 3023 1111 3094 urget:

266 3114 414 3172 inclusum
430 3114 524 3173 veluti
539 3115 690 3187 siquando
704 3115 827 3173 flumine
842 3122 972 3172 nanctus

191 3219 250 3269 750
265 3231 387 3270 cervum
403 3219 456 3269 aut
470 3212 617 3287 puniceae
633 3218 774 3286 saeptum
789 3213 952 3270 formidine
968 3213 1079 3287 pinuae

263 3308 409 3368 ⁶venator
424 3328 513 3368 cursu
529 3310 614 3368 canis
629 3317 660 3367 et
673 3310 836 3367 latratibus
851 3310 963 3377 instat3

266 3472 276 3505 ¹
289 3473 422 3535 capulum,
436 3473 472 3521 tle
484 3471 528 3520 ln'lt
540 3472 583 3536 lesl
596 3473 620 3520 in
632 3472 670 3520 lis
681 3471 757 3521 land.

266 3555 277 3587 ²
289 3557 468 3618 praecipitem,
480 3555 536 3603 will
547 3556 667 3603 Turnum
678 3553 832 3614 understood,
844 3554 933 3618 subject
946 3556 976 3617 os
988 3555 1114 3617 rapuisse,
1125 3553 1142 3603 I.
1157 3553 1214 3603 737.

266 3637 277 3669 ⁸
288 3638 394 3686 suffecit
406 3660 429 3681 =
443 3639 507 3686 satis
519 3638 578 3686 fuit.
588 3666 621 3674 -
630 3637 752 3686 Coorna.

266 3717 276 3748 ⁴
288 3719 392 3780 sagitta,
405 3718 452 3767 abl.
467 3720 498 3783 of
509 3735 588 3768 cause.
625 3718 669 3769 See
681 3718 698 3767 1.
711 3718 767 3777 319,
780 3718 833 3766 ond
845 3718 921 3767 orders
933 3720 1011 3769 above.

265 3798 277 3832 ⁵
289 3807 406 3859 venator,
418 3816 447 3848 ae
458 3801 487 3864 if
498 3800 643 3849 venaticus.
651 3828 684 3836 -
692 3800 821 3850 suarius.
