2817 4300
188 405 207 468 2
368 421 585 468 SELEGTIONS
608 421 715 468 FROM
737 422 852 467 LATIN
874 382 1067 470 AurHoRsJ

237 610 408 668 magnoque
438 608 564 649 numero
591 591 733 665 pilorum,
762 587 966 667 ⁸tragularum
994 593 1237 666 reliquorumque

242 689 372 746 telorum
394 707 426 746 se
449 688 670 745 instruxerant.
726 689 775 745 Ita
796 689 921 765 cognito
945 689 1078 746 hostiurn
1103 690 1237 746 adventu

242 804 313 843 suas
334 804 429 844 naves
452 805 491 842 ex
512 790 602 860 portu
623 786 768 857 educunt,
785 775 1115 843 cum'Massiliensibus
1134 787 1238 844 confli-

240 889 328 960 gunt.
372 883 547 959 Pugnatum
558 888 606 939 est
620 883 770 956 utrimque
786 883 953 940 fortissime
968 888 1059 957 atque
1071 884 1236 954 acerrime;

208 989 338 1054 tneque
362 979 491 1036 multum
512 979 615 1036 Albici
639 980 753 1036 nostris
776 980 888 1037 virtute
914 981 1075 1050 cedebant,
1098 981 1237 1038 homines

242 1077 342 1152 asperi
358 1083 388 1134 et
402 1077 541 1134 montani
555 1082 586 1134 et
601 1077 762 1134 exercitati
776 1078 807 1132 in
825 1077 937 1146 armis;
963 1077 1078 1151 *atque
1094 1078 1125 1134 hi
1146 1055 1237 1136 modo

241 1175 370 1251 digressi
392 1193 411 1231 a
431 1174 678 1231 Massiliensibus
700 1180 853 1232 recentem
868 1192 970 1231 eorum
986 1175 1237 1249 pollicitationem

241 1271 350 1328 animis
366 1272 575 1341 continebant,
589 1276 790 1346 pastoresque
804 1271 933 1328 Domitii
948 1290 1003 1349 spe
1016 1271 1169 1329 libertatis
1183 1291 1237 1329 ex-

242 1369 328 1426 citati
342 1369 398 1425 sub
413 1368 508 1426 oculis
524 1368 638 1425 domini
653 1387 741 1424 suam
761 1369 890 1444 probare
912 1386 1035 1442 operam
1058 1370 1234 1427 studebant.

189 1473 226 1522 10
241 1466 359 1522 LVIII.
391 1467 456 1539 Ipsi
470 1465 682 1522 Massilienses
697 1471 729 1522 et
742 1466 897 1523 celeritate
911 1466 1035 1523 nauium
1056 1457 1087 1524 et
1108 1467 1237 1523 scientia

240 1563 476 1638 gubernatorum
491 1562 598 1620 confisi
610 1567 733 1619 nostros
745 1562 910 1620 eludebant
924 1564 1115 1638 impetusque
1132 1582 1237 1621 eorum

241 1678 303 1716 non
325 1660 520 1734 excipiebant
541 1665 581 1729 et,
599 1661 698 1733 quoad
721 1660 834 1718 licebat
853 1660 961 1718 latiore
975 1661 1020 1718 uti
1038 1662 1150 1736 spatio,
1166 1681 1236 1736 pro-

242 1758 334 1814 ducta
362 1757 483 1833 longius
513 1757 577 1813 acie
604 1753 839 1814 ⁹circumvenire
867 1763 989 1816 nostros
1017 1763 1071 1816 aut
1098 1758 1236 1833 pluribus

241 1855 371 1912 navibus
394 1853 505 1910 adoriri
520 1853 658 1930 singulas
680 1859 734 1912 aut
753 1873 854 1912 remos
873 1860 1116 1912 transcurrentes
1137 1857 1237 1913 deter-

189 1959 323 2028 lagare,
343 1951 369 2008 si
391 1933 529 2026 possent,
553 1952 799 2022 contendebant;
821 1970 888 2009 cum
910 1953 1036 2027 propius
1051 1958 1117 2010 erat
1131 1971 1236 2011 neces-

241 2049 322 2106 sario
336 2053 472 2119 ventum,
490 2049 529 2104 ab
544 2048 672 2104 scientia
686 2047 924 2124 gubernatorum
939 2056 1030 2128 atque
1046 2051 1182 2107 artificiis
1196 2051 1236 2108 ad

241 2146 385 2204 virtutem
409 2151 621 2203 montanorum
645 2145 873 2221 confugiebant.
917 2147 1025 2205 Nostri
1047 2166 1115 2205 cum
1135 2147 1236 2205 minus

242 2243 418 2301 exercitatis
447 2243 612 2319 remigibus
637 2243 797 2317 minusque
821 2240 954 2318 ¹⁰peritis
980 2246 1236 2321 gubernatoribus
1303 2268 1308 2275 ·

241 2342 416 2410 utebantur,
430 2340 481 2414 qui
496 2345 621 2414 repente
637 2358 677 2397 ex
691 2341 838 2397 onerariis
854 2341 983 2398 navibus
993 2348 1082 2399 erant
1095 2343 1236 2417 producti

188 2444 226 2495 20
241 2456 339 2511 neque
354 2438 425 2495 dum
442 2438 533 2494 etiam
542 2433 561 2467 ¹¹
571 2438 729 2495 vocabulis
744 2444 999 2496 armamentorum
1015 2441 1157 2516 cognitis,
1171 2446 1236 2498 tum

241 2535 332 2591 etiam
370 2535 514 2592 tarditate
553 2538 585 2592 et
621 2534 773 2611 gravitate
811 2536 935 2593 navium
973 2537 1234 2611 impediebantur;

174 2622 176 2627 ’
240 2627 368 2689 12factae
398 2632 476 2689 enim
507 2632 608 2688 subito
638 2650 676 2688 ex
704 2632 829 2689 humida
858 2635 985 2690 materia
1013 2654 1074 2691 non
1106 2636 1236 2693 eundern

240 2747 329 2785 usum
341 2728 504 2785 celeritatis
516 2728 680 2785 habebant.
725 2729 844 2802 Itaque,
856 2731 928 2786 dum
942 2731 1028 2787 loeus
1041 2728 1235 2789 18comminus

241 2826 398 2902 pugnandi
426 2826 560 2895 daretur,
587 2843 683 2898 aequo
710 2825 812 2883 animo
836 2826 972 2903 singulas
994 2828 1075 2885 binis
1105 2830 1235 2887 navibus

187 2930 229 3004 25!
241 2922 429 2995 objiciebant
451 2927 541 2996 atque
563 2921 677 2995 injecta
693 2940 785 2979 manu
800 2925 901 2981 ferrea
915 2930 945 2981 et
965 2931 1086 2983 retenta
1107 2931 1234 3001 utraque

241 3038 318 3076 nave
334 3020 446 3076 diversi
461 3020 640 3093 pugnabant
655 3024 746 3092 atque
761 3020 793 3076 in
807 3022 941 3077 hostiurn
963 3041 1057 3080 naves
1078 3030 1235 3081 transcen-

229 3174 263 3224 A.
285 3175 375 3237 Atque
385 3176 412 3222 hi
425 3176 501 3223 modo
515 3176 624 3237 digressi
639 3192 654 3223 a
672 3176 882 3225 Massiliensibus
900 3179 1069 3227 continebant
1087 3180 1181 3228 animis
1198 3195 1236 3228 re·

186 3265 290 3307 centem
302 3259 520 3319 pollicitationem
533 3274 632 3307 eorum.

398 3400 408 3431 ⁸
421 3402 594 3462 tragularum,
602 3400 718 3465 javelr'ns.

398 3481 409 3514 ⁹
421 3484 619 3543 circumvenire,
632 3483 740 3547 depende
752 3501 780 3531 on
793 3485 994 3535 contendebant.

388 3564 409 3597 ¹⁰
421 3566 520 3627 peritis,
533 3564 628 3615 skilled.

388 3646 408 3679 11
421 3648 558 3696 vocabulis
571 3655 803 3708 armamentorum,
815 3646 924 3696 nautical
934 3657 1015 3699 terma.

387 3728 409 3762 ¹²
420 3729 516 3789 factae,
529 3729 575 3789 ia,
588 3728 624 3777 tlte
637 3729 711 3793 stips.

387 3809 410 3843 1⁸
421 3813 567 3862 commInus
579 3835 603 3854 =
616 3820 700 3869 con†
715 3828 817 3861 manus.
