2817 4300
533 405 582 450 nn
605 405 722 451 annno
744 405 869 452 crvrnr.
1185 390 1226 454 13

175 597 266 638 cursu
291 577 353 654 pila
377 576 525 634 miserunt
550 575 759 649 celeriterque,
783 581 818 634 ut
845 581 911 634 erat
936 583 1130 652 praeceptum
1156 596 1175 635 a

176 677 320 743 Caesare,
344 671 490 750 ²¹gladios
520 673 721 730 strinxerunt.
766 674 873 746 Neque
900 692 971 731 vero
996 674 1175 748 Pompeiani

175 775 246 832 huic
275 774 318 830 rei
346 773 520 830 defuerunt.
565 770 647 827 Nam
676 775 707 827 et
735 771 796 827 tela
818 772 913 828 missa
936 779 1122 846 exceperunt
1144 780 1175 830 et

176 874 323 945 impeturn
337 869 491 946 legionum
506 868 641 924 tulerunt
655 874 686 924 et
707 869 830 925 ordines
852 876 1072 927 conservarunt
1091 870 1175 943 pilis-

176 987 235 1042 que
257 967 359 1041 missis
384 966 422 1022 ad
443 965 563 1040 gladios
587 965 751 1021 redierunt.
796 966 911 1022 Eodem
934 972 1069 1040 tempore
1092 968 1174 1040 cqui-
1210 975 1226 1023 5

176 1072 223 1122 tes
239 1066 277 1121 ab
292 1063 418 1120 sinistro
433 1062 568 1135 Pompeii
584 1079 689 1131 cornu,
707 1069 742 1118 ut
755 1068 822 1120 erat
837 1064 1027 1137 imperatum,
1042 1065 1175 1121 universi

177 1164 443 1236 procucurrerunt,
477 1157 635 1230 omnisque
681 1158 844 1215 multitudo
877 1160 1103 1234 sagittariorum
1141 1179 1174 1218 se

177 1258 334 1332 profudit;
357 1273 484 1328 quornm
498 1257 644 1328 impetum
660 1260 766 1312 noster
780 1257 932 1328 equitatus
948 1276 1009 1314 uon
1025 1259 1103 1325 tulit,
1121 1259 1175 1315 sed

177 1354 323 1430 paulatim
358 1353 426 1410 loco
455 1357 555 1408 motus
584 1352 695 1419 cessit;
732 1354 910 1426 equitesque
945 1355 1083 1428 Pompeii
1117 1356 1175 1412 hcc

177 1453 276 1513 acrius
299 1453 413 1507 instare
436 1456 467 1506 et
495 1466 527 1506 se
548 1445 730 1506 ²²tu1rnatim
752 1451 905 1524 explicare
928 1453 1083 1525 aciemque
1105 1460 1229 1509 nos-10

176 1556 256 1608 tram
285 1569 303 1605 a
334 1548 429 1604 latere
458 1552 564 1620 aperto
600 1547 757 1604 circumire
786 1554 962 1622 coeperunt.
1006 1550 1095 1621 Quod
1124 1551 1175 1607 ubi

177 1647 290 1704 Caesar
313 1645 538 1719 animadvertit,
556 1651 682 1716 quartae
704 1646 792 1713 aciei,
809 1663 900 1719 quam
923 1647 1097 1703 instituerat
1118 1665 1175 1704 sex

177 1744 357 1808 cohortium,
387 1743 473 1799 dedit
501 1742 632 1816 signum.
678 1742 727 1798 Illi
755 1743 893 1800 celeriter
924 1750 1176 1817 procucurrerunt

177 1842 360 1913 infestisque
386 1839 482 1914 signis
508 1844 595 1895 tanta
616 1839 646 1896 vi
671 1840 701 1896 iu
724 1840 862 1914 Pompeii
883 1843 1000 1914 equites
1029 1842 1174 1915 impetum

177 1939 328 2007 fecerunt,
353 1942 387 1993 ut
409 1955 511 1993 eorum
535 1954 624 1993 nemo
646 1938 828 1995 consisteret
848 1957 1013 2012 omnesque
1036 1939 1175 1996 conversi
1192 1946 1227 1995 15

177 2054 239 2092 non
267 2035 365 2091 solum
393 2035 460 2092 loco
486 2035 680 2104 excederent,
704 2036 757 2091 sed
788 2037 925 2108 protinus
955 2036 1072 2093 incitati
1101 2037 1176 2111 fuga

177 2139 298 2193 montes
334 2133 500 2190 altissimos
534 2137 683 2207 peterent.
729 2132 846 2205 Quibus
882 2135 1040 2192 summotis
1060 2130 1174 2191 ¹omnes

178 2232 329 2306 sagittarii
357 2231 588 2303 funditoresque
610 2230 749 2287 destituti
777 2231 905 2287 inermes
931 2232 996 2289 sine
1023 2233 1175 2306 praesidio

177 2330 333 2386 interfecti
354 2332 436 2384 sunt.
481 2328 596 2383 Eodem
614 2328 735 2401 impetu
750 2329 890 2385 cohortes
910 2329 1066 2385 sinistrum
1082 2347 1175 2386 cornu

177 2426 386 2501 pugnantibus
407 2425 499 2481 etiarn
521 2432 583 2480 tum
606 2443 641 2481 ac
662 2426 875 2481 resistentibus
897 2426 928 2481 in
950 2427 1014 2483 acie
1036 2425 1176 2499 Pompei·
1191 2433 1229 2483 20

179 2524 245 2581 anis
260 2524 474 2580 circumierunt
488 2539 601 2594 eosque
617 2540 634 2577 a
650 2527 737 2597 tergo
752 2529 824 2579 sunt
839 2523 949 2579 adorti.

218 2620 333 2677 XCIV.
375 2620 490 2675 Eodem
512 2624 648 2693 tempore
677 2620 800 2677 tertiam
825 2621 920 2677 aciem
946 2621 1071 2690 Caesar,
1098 2639 1176 2694 quae

179 2720 281 2793 quieta
296 2719 398 2775 fuerat
413 2724 444 2773 et
459 2735 491 2773 se
507 2717 546 2773 ad
561 2717 591 2773 id
614 2722 735 2791 tempus
751 2718 817 2774 loco
832 2724 982 2788 tenuerat,
1000 2737 1176 2792 procurrere

179 2816 281 2889 jussit.
325 2816 376 2871 Ita
391 2832 458 2871 cum
474 2819 612 2871 recentes
629 2819 719 2887 atque
735 2795 844 2889 integri
860 2816 991 2872 defessis
1014 2816 1176 2873 successis-

180 2918 260 2982 sent,
278 2911 329 2969 alii
344 2916 444 2968 autern
461 2929 479 2967 a
499 2916 585 2986 tergo
607 2912 809 2980 adorirentur,
826 2912 976 2968 sustinere
999 2914 1177 2986 Pompeiani
1192 2920 1229 2969 25

180 3028 241 3067 non
270 3014 435 3083 potuerunt
463 3014 554 3081 atque
584 3008 717 3064 universi
745 3014 832 3082 terga
856 3016 1024 3067 verterunt.
1069 3011 1176 3081 Neque

179 3126 252 3165 vero
268 3105 433 3163 Caesarem
448 3105 572 3174 fefellit,
590 3105 663 3177 quin
679 3105 770 3161 abiis
786 3107 962 3163 cohortibus
977 3126 1056 3179 quae
1071 3113 1178 3163 contra

96 3222 101 3227 ·
180 3206 349 3278 equitatum
375 3204 406 3259 in
429 3209 537 3276 quarta
559 3203 622 3259 acie
648 3202 815 3260 collocatae
837 3210 951 3273 essent,
976 3205 1094 3260 initium
1115 3204 1177 3261 vic·

180 3304 276 3358 toriae
297 3301 437 3368 oriretur,
460 3304 495 3356 ut
516 3300 581 3373 ipse
603 3300 632 3356 in
656 3301 852 3358 cohortandis
873 3302 1020 3357 militibus
1045 3320 1178 3375 pronun·

179 3400 320 3456 tiaverat.
366 3398 417 3453 Ab
439 3397 485 3453 his
505 3397 585 3453 enim
606 3398 736 3470 primum
758 3398 912 3470 equitatus
934 3405 982 3454 est
1005 3400 1121 3472 pulsuS,
1139 3399 1177 3454 ab
1193 3405 1231 3454 30

180 3496 288 3553 iisdem
318 3496 420 3551 factae
450 3494 559 3551 caedes
588 3494 815 3568 sagittariorum
844 3512 879 3551 ac
907 3496 1107 3563 funditorum,
1139 3496 1177 3551 ab

180 3592 289 3649 iisdem
311 3592 391 3649 acies
414 3592 634 3664 Pompeianae
657 3592 781 3648 sinistra
802 3597 889 3666 parte
911 3592 1068 3649 circumita
1087 3598 1177 3665 atque

420 3719 441 3751 ²1
454 3720 555 3781 gladios
568 3720 738 3778 strinxerunt,
750 3720 816 3767 drew
828 3720 889 3769 their
900 3720 1000 3769 swords.

420 3800 442 3834 ²²
455 3802 599 3861 turmatim,
612 3802 641 3865 ty
653 3801 797 3863 squudrons.
