2817 4300
177 318 240 384 216
360 334 576 381 sunnorrons
599 334 702 381 rnoru
725 333 838 380 narni
861 333 1043 381 aurnuns.

177 505 363 580 inopinata'’
386 504 503 578 inquit:
534 505 643 560 “bunc
664 503 745 560 enim
773 504 891 560 exitum
918 503 1054 577 plerique
1076 502 1150 559 olari
1171 501 1233 560 viri

176 603 349 660 habuerunt
368 601 608 658 Athenienses.''
650 600 688 657 In
710 601 768 658 boo
787 605 907 658 tantum
928 601 989 657 fuit
1007 600 1110 657 odium
1128 598 1231 656 multi-

177 700 304 770 tudinis,
320 707 355 756 ut
375 716 465 756 nemo
486 715 578 756 ausus
596 698 641 756 sit*
651 716 721 755 eum
734 697 812 756 liber
826 696 966 772 sepelire.
1010 698 1118 770 Itaque
1134 715 1152 754 a
1166 714 1232 755 ser·

177 798 226 857 vis
240 797 378 872 sepultus
393 801 452 854 est.

230 1025 298 1082 109.
328 1025 461 1082 Pomm
480 1039 521 1080 nr
540 1040 602 1079 rna
623 1023 805 1080 Bncmmne
826 1039 865 1080 or
886 1039 948 1079 rnn
969 1020 1061 1080 me
1082 1021 1176 1079 Wnn.

269 1155 329 1225 Tu,
346 1172 427 1212 nova
442 1171 480 1211 ne
495 1158 614 1211 veteres
628 1153 795 1210 obscurent
811 1153 895 1213 facta
910 1153 1091 1228 triumphos

268 1253 311 1309 Et
323 1252 414 1309 victis
429 1250 519 1308 cedat
532 1250 661 1324 piratica
674 1250 779 1307 laurea
794 1240 905 1320 danis,

268 1349 395 1426 Magne,
413 1349 521 1416 times3
544 1353 574 1404 te
586 1348 651 1420 jam
665 1347 761 1404 series
777 1365 909 1420 ususque
924 1347 1062 1404 laborum

270 1446 381 1522 Erigit,
398 1445 621 1519 impatiensque
637 1444 696 1501 loci
711 1445 836 1501 fortuna
851 1444 987 1502 secundi.

269 1545 335 1601 Nec
349 1560 533 1617 quemquam
546 1544 610 1616 jam
625 1543 705 1598 ferre
721 1547 824 1616 potest
834 1540 987 1599 Caesarve
1003 1542 1134 1616 priorem

269 1641 471 1714 Pompeiusve
487 1657 601 1714 parem.
645 1638 721 1712 Quis
733 1639 847 1713 justius
862 1639 961 1696 induit
975 1657 1070 1706 arma,
1147 1716 1149 1722 ἲ

270 1737 355 1796 Soire
370 1737 479 1794 nefas:
502 1753 614 1812 magno
628 1754 661 1792 se
675 1736 777 1808 judice
792 1737 920 1810 quisque
935 1741 1054 1793 tuetur:

270 1834 390 1892 Victrix
405 1851 498 1891 causa
512 1834 578 1890 deis
594 1832 720 1906 placuit,
737 1833 792 1890 sed
806 1833 888 1890 victa
905 1832 1026 1890 Catoni.

270 1930 338 1988 Neo
352 1931 450 1988 coiere
466 1948 574 2004 pares:
598 1929 687 1999 alter,
703 1930 902 2006 vergentibus
917 1931 1006 1986 annis

167 2023 173 2031 ’
270 2029 307 2084 In
323 2028 453 2096 senium,
469 2027 621 2104 longoque
636 2033 727 2103 togae
743 2027 934 2100 tranquillior
948 2045 1017 2096 usu,

270 2125 426 2183 Dedidicit
435 2127 499 2200 jam
514 2143 590 2199 pace
605 2124 732 2193 dueem;
755 2125 916 2199 famaeque
932 2125 1054 2200 petitor,

270 2222 371 2280 Multa
385 2223 458 2280 dare
475 2223 505 2279 in
519 2223 628 2298 vulgus
641 2241 648 2291 ;
671 2227 755 2279 totus
770 2222 967 2296 popularibus
982 2222 1063 2279 auris

271 2319 404 2394 Impelli,
421 2320 589 2394 plausuque
604 2320 651 2376 sui
665 2320 799 2395 gaudere
815 2320 944 2377 theatri:

271 2417 337 2473 Neo
351 2435 494 2493 reparare
509 2434 606 2474 novas
620 2417 713 2487 vires,
730 2416 917 2491 multumque
932 2416 1025 2491 priori

271 2512 402 2571 Credere
418 2515 570 2571 fortunae.
614 2513 683 2572 Stat
698 2514 802 2591 magni
817 2514 948 2571 nominis
963 2515 1086 2572 umbra:

272 2610 378 2683 Qualis
393 2611 541 2686 frugifero
555 2628 685 2685 quercus
700 2610 838 2668 sublimis
854 2612 884 2669 in
900 2629 974 2687 agro

271 2707 411 2765 Exuvias
426 2713 545 2765 veteres
560 2709 665 2782 populi
681 2714 862 2782 sacrataque
877 2714 1003 2784 gestans

271 2806 363 2862 Dona
377 2806 498 2875 ducum,
517 2824 572 2863 neo
587 2807 649 2879 jam
664 2806 775 2863 validis
791 2806 944 2863 radicibus
960 2807 1100 2874 haerens,

271 2903 410 2960 Pondere
425 2903 488 2959 fixa
503 2919 559 2960 suo
574 2908 640 2972 est3
663 2905 821 2977 nudosque
831 2896 891 2977 per
906 2921 977 2960 aera
990 2920 1101 2969 ramos=

270 3002 454 3070 EffundenS,
471 3006 590 3069 bunne,
608 3018 669 3057 non
684 3001 846 3058 frondibus
862 2999 953 3059 efficit
965 3000 1122 3065 umbram3

272 3098 312 3154 Et
326 3099 466 3171 quamvis
482 3098 579 3172 primo
595 3104 682 3155 nutet
696 3116 823 3155 caesura
835 3098 892 3155 sub
907 3093 990 3155 Euro

269 3195 331 3251 Tot
344 3195 456 3253 circum
471 3194 567 3252 silvae
582 3196 668 3251 firmo
683 3212 716 3251 se
732 3195 839 3252 robore
854 3194 975 3264 tollant,

272 3290 345 3349 Sola
359 3297 461 3349 tamen
476 3292 596 3349 colitur.

554 3490 621 3545 110.
652 3490 858 3557 Tanourmus.

222 3619 299 3677 Inde
321 3620 357 3676 L.
381 3620 566 3693 Tarquinius
587 3638 715 3696 regnare
737 3620 867 3693 occepit,
891 3622 939 3677 cui
961 3620 1099 3696 Superbo
1120 3637 1234 3696 eogno-

182 3733 253 3773 men
280 3718 363 3773 facta
391 3716 577 3773 indiderunt.
621 3718 654 3773 Is
683 3717 830 3791 primores
861 3718 998 3788 Petrum,
1027 3734 1105 3791 quos
1134 3716 1235 3775 Servii
