2817 4300
514 369 672 434 oranno’s
695 388 870 436 nrrsrnns.
1173 377 1215 442 47

164 559 312 634 temporis
327 576 462 628 usuram,
478 575 538 631 qua
553 558 704 616 caruimus
725 559 900 617 intermissa
917 566 1022 618 nostra
1036 579 1162 619 consue·

165 657 283 726 tudine,
307 661 338 713 et
358 656 457 731 gratia
479 661 511 712 et
531 656 693 713 crebritate
716 664 746 713 et
767 658 976 731 magnitudine
997 659 1163 716 officiorum

166 771 303 810 meorum
318 751 473 820 ¹sarciam‚
492 753 581 826 idque
597 771 655 821 me,
673 754 815 826 quoniam
831 763 863 810 tu
879 755 923 811 ita
937 756 995 825 via,
1012 764 1087 830 puto
1101 775 1163 814 non
1196 785 1207 816 i

167 851 263 908 invita
283 851 425 907 Minerva
440 867 507 906 esse
528 852 689 920 tactorum,
707 868 798 924 qnam
813 853 935 926 quidem
949 871 1018 929 ego,
1035 855 1061 910 si
1082 857 1163 914 forte

166 949 205 1006 de
220 949 280 1004 tuis
296 965 466 1021 sumpser0‚
484 964 546 1003 non
562 948 661 1004 solum
671 949 816 1018 Pallada,
830 951 884 1006 sed
899 948 1163 1026 etiam²A1miada
1198 963 1215 1012 5

167 1045 343 1103 nominabo.
392 1043 441 1120 (2)
468 1044 548 1102 Cilix
568 1045 694 1102 libertus
710 1053 781 1104 tuus
797 1055 887 1105 antea
901 1049 974 1106 mihi
989 1051 1088 1108 minus
1104 1052 1164 1110 fuit

167 1150 277 1212 notus;
301 1143 366 1212 sed,
384 1148 417 1199 ut
431 1143 504 1199 mihi
521 1144 654 1202 reddidit
669 1164 686 1201 a
701 1151 731 1202 te
746 1146 865 1203 litteras
880 1147 986 1221 plenas
1001 1156 1033 1207 et
1051 1151 1163 1207 amoris

166 1246 199 1298 ct
212 1240 312 1310 officii,
326 1241 449 1298 mirifice
465 1241 530 1316 ipse
546 1260 601 1300 suo
616 1261 755 1302 sermone
767 1246 949 1303 subsecutus
964 1254 1012 1304 est
1025 1249 1163 1305 humani-

167 1345 263 1398 tatem
281 1340 450 1398 litterarum
471 1347 602 1399 tuarum.
647 1344 785 1400 Iucunda
799 1345 873 1401 milri
888 1346 952 1402 eius
973 1347 1072 1403 oratio
1090 1347 1162 1417 fuit,

167 1457 235 1496 cunr
258 1440 295 1496 de
317 1439 418 1496 auimo
440 1444 503 1510 tua,
523 1441 561 1497 de
584 1443 784 1512 sermonibus,
808 1460 884 1516 quos
906 1445 944 1501 de
965 1462 1014 1501 me
1034 1445 1162 1502 haberes
1179 1451 1216 1502 10

167 1538 290 1605 cotidie,
314 1537 387 1594 mihi
409 1543 557 1595 narraret.
608 1539 688 1612 Quid
709 1539 850 1612 quaeris?
877 1541 971 1598 biduo
992 1542 1093 1599 factus
1116 1548 1163 1600 est

167 1637 242 1694 milri
261 1636 433 1705 familiaris,
451 1637 494 1692 ita
513 1643 626 1707 tamen,
644 1642 678 1694 ut
697 1639 845 1694 Phaniam
859 1639 948 1696 valde
969 1640 1026 1696 sim
1044 1641 1163 1697 deside·

167 1742 299 1804 returns,
313 1753 402 1808 quem
418 1752 484 1792 cum
500 1735 630 1792 Romam
644 1735 792 1806 remitteS,
809 1737 902 1810 quod,
919 1742 954 1794 ut
967 1738 1161 1811 putabamuS,

168 1833 307 1890 celeriter
328 1851 396 1889 eras
421 1833 571 1902 facturnS,
596 1833 738 1890 omnibus
761 1833 788 1890 ei
813 1834 850 1891 de
875 1834 977 1904 rebus,
1002 1852 1078 1908 quas
1100 1835 1161 1911 agi,

167 1950 244 2004 quas
261 1932 360 1988 curari
375 1950 392 1987 a
406 1949 454 1988 rue
469 1932 564 2001 voles,
581 1932 726 1989 mandata
741 1933 794 1989 des
810 1931 909 1989 velim.
950 1930 999 2009 (3)
1019 1933 1055 1989 L.
1073 1932 1164 1989 Vale·
1180 1941 1216 1990 15

167 2030 246 2085 rium
265 2027 523 2086 ³iureconsultum
538 2029 626 2086 valde
645 2030 702 2086 tibi
722 2030 912 2099 commendo,
930 2030 984 2088 sed
999 2030 1043 2087 ita
1057 2031 1160 2100 etiam,

168 2128 195 2185 si
219 2145 279 2185 non
305 2133 353 2185 est
377 2127 441 2185 iure
467 2127 642 2185 consultus:
672 2128 780 2185 melius
802 2128 881 2185 enim
907 2127 935 2184 ei
960 2145 1067 2186 cavere
1092 2128 1186 2192 uoloN

167 2244 259 2300 quarn
274 2228 339 2301 ipse
355 2226 422 2283 aliis
438 2226 525 2283 solet.
556 2226 653 2283 Valde
668 2227 822 2284 hominem
836 2227 949 2302 dilig03
972 2233 1072 2283 estex
1088 2228 1163 2283 meis

168 2325 345 2381 domesticis
366 2330 457 2397 atque
478 2324 592 2380 intimis
615 2323 827 2380 familiaribus.
871 2323 1004 2381 Omnino
1023 2324 1078 2380 tibi
1099 2324 1164 2399 agit

169 2422 296 2498 gratiae,
314 2422 367 2478 sed
389 2422 467 2478 idem
489 2421 596 2478 scribit
615 2439 698 2477 meas
719 2420 837 2477 litteras
852 2423 1019 2477 maximum
1034 2422 1114 2495 apud
1132 2427 1162 2478 tc
1178 2428 1216 2478 20

169 2520 289 2594 pondus
315 2519 484 2575 habiturus.
539 2519 577 2575 Id
606 2536 674 2575 eum
702 2537 740 2575 ne
769 2518 869 2588 fallat,
896 2525 922 2574 te
952 2520 1042 2575 etiam
1071 2524 1163 2592 atque

169 2617 261 2673 etiam
282 2634 367 2691 roga.

381 2778 448 2835 .M.
465 2775 618 2835 CICERO
639 2776 707 2833 ΑΡ.
727 2776 926 2835 PULCHRO
949 2776 980 2835 S.

344 2896 407 2947 San.
415 2896 583 2945 Luonronan
599 2908 689 2943 nausis
706 2894 872 2943 Fennorum
884 2909 909 2943 a.
919 2910 946 2944 n.
956 2909 979 2944 c.
990 2894 1045 2945 704.

213 3007 262 3085 (1)
280 3008 344 3065 Vix
359 3008 483 3064 tandem
497 3006 558 3081 legi
573 3006 691 3063 litteras
707 3006 817 3081 dignas
827 3005 889 3079 Ap.
904 3004 1043 3074 Claudio,
1056 3006 1163 3081 plenas

168 3106 377 3174 humanitatis,
395 3103 495 3173 officii,
512 3103 699 3177 diligentiae.
744 3102 899 3176 Aspectus
916 3103 1059 3161 videlicet
1079 3105 1163 3161 urbis

169 3205 223 3261 tibi
245 3210 329 3261 tuum
351 3203 513 3277 pristinam
534 3201 739 3258 urbanitatem
760 3201 911 3258 reddidit:
938 3220 1008 3257 nam
1027 3218 1103 3273 quas
1124 3220 1168 3257 ex>
1178 3210 1215 3259 25

169 3304 276 3361 itinere
301 3308 372 3361 ante
397 3321 488 3376 quam
514 3320 553 3358 ex
578 3302 655 3357 Asia
680 3319 822 3375 egressus
847 3320 880 3357 es
905 3302 944 3357 ad
968 3320 1015 3357 me
1044 3301 1162 3357 litteras

169 3403 289 3470 misisti,
307 3420 383 3458 unas
402 3402 439 3457 de
459 3401 569 3476 legatis
590 3418 608 3455 a
622 3418 670 3456 me
691 3399 851 3472 prohibitis
870 3398 1031 3472 proficisci,
1050 3399 1162 3455 alteras

212 3566 220 3599 1
234 3569 360 3615 sarciam:
378 3584 430 3631 syn.
443 3567 569 3624 instauro,
581 3580 688 3622 renovo,
701 3564 809 3625 integro.

211 3649 371 3713 ²Appiuda:
388 3650 433 3713 for
451 3647 486 3696 llic
500 3647 553 3713 sall
569 3647 734 3713 sz'yar'ficatr'oa
752 3646 784 3711 of
794 3645 841 3693 tlu's
858 3644 932 3705 word,
951 3645 1026 3693 notice
1046 3653 1069 3694 lo
1086 3644 1159 3695 wltom
1179 3645 1216 3695 tlte

168 3730 234 3781 letter
246 3733 267 3780 is
279 3732 380 3780 written.

212 3812 223 3847 θ
234 3813 451 3873 iureconsultum,
464 3810 563 3878 lawyer.
