2817 4300
436 417 618 466 nxrnorrs
643 419 689 465 or
714 419 956 468 maranum.
1177 408 1220 474 29

163 588 306 647 Taxilem
341 585 532 664 appellavere
568 589 742 664 populares,
772 597 919 664 sequente
953 592 1074 650 nomine
1110 593 1165 652 im·

163 687 292 762 perium,
307 687 337 742 in
352 704 571 761 quemcumque
586 687 741 745 transiret.
785 688 869 764 Ergo
880 689 948 745 crlm
963 707 1017 763 per
1031 691 1164 750 triduum

163 783 356 858 hospitaliter
370 783 582 842 Alexandrum
603 784 785 858 accepisset,
808 791 918 858 quarto
939 786 1000 855 die,
1016 793 1048 844 et
1068 805 1162 862 quan-

163 886 228 940 tum
252 882 397 939 frumenti
425 882 533 955 copiis,
558 898 633 954 quas
659 881 872 956 Hephaestion
895 883 1036 955 duxerat,
1061 882 1163 960 ¹prae-

163 979 260 1036 bitum
290 996 308 1034 a
337 996 369 1035 se
400 983 495 1046 esset,
524 978 678 1034 ostendit:
717 984 748 1036 et
782 997 890 1037 aureae
926 998 1055 1039 coronas
1090 983 1161 1057 ipsi,
1198 994 1215 1041 5

164 1075 329 1148 amicisque
345 1074 496 1143 omnihus,
513 1082 634 1148 praeter
653 1076 730 1134 haec
744 1077 858 1152 signati
873 1080 991 1154 argenti
1006 1082 1163 1156 octoginta

163 1172 280 1230 talenta
308 1171 390 1228 dono
422 1171 517 1228 dedit.
562 1171 629 1244 Qud
664 1173 854 1249 benignitate
890 1177 957 1249 ejus
985 1177 1163 1235 Alexander

163 1269 237 1326 mire
252 1268 362 1337 laetus,
379 1273 410 1325 et
424 1286 501 1342 quae
517 1268 543 1325 is
558 1270 686 1326 dederat
707 1271 834 1341 remisit,
851 1280 882 1330 et
896 1274 978 1331 mille
993 1274 1109 1332 talenta
1123 1294 1163 1333 ex

163 1368 289 1442 praeda,
312 1383 402 1439 quam
425 1367 567 1450 vehebat,
585 1368 717 1441 adjecit:
745 1370 899 1444 multaque
914 1367 1102 1429 ²convivalia
1123 1391 1163 1431 ex

163 1481 237 1522 auro
260 1469 291 1521 et
313 1469 441 1539 argento
462 1482 548 1534 vasa,
566 1465 728 1538 plurimum
749 1467 891 1525 Persicae
912 1469 1020 1539 vestis,
1037 1470 1163 1546 triginta
1178 1478 1215 1528 10

163 1580 259 1636 equos
274 1580 313 1619 ex
328 1562 403 1631 suia,
421 1579 487 1620 cum
509 1562 617 1620 iisdem
639 1564 812 1640 insignibus
826 1562 929 1639 ³queis
951 1573 1160 1638 assueverant,

163 1662 231 1718 oum
257 1661 357 1735 ipsum
381 1661 536 1718 veherent.
582 1660 667 1733 Quae
688 1662 869 1732 liberalitaS,
887 1664 966 1722 sicut
994 1665 1162 1722 Barbarum

161 1755 401 1828 *adstrinxerat
437 1758 479 1814 ita
515 1759 628 1816 amicos
664 1760 760 1833 ipsius
788 1762 986 1819 vehementer
1019 1763 1159 1820 offendit.

162 1856 190 1912 E
218 1856 327 1930 quibus
356 1855 512 1931 Meleager
538 1873 628 1930 super
651 1853 795 1915 ⁵coenam
823 1859 954 1935 largiore
978 1860 1050 1917 vino
1074 1878 1160 1930 usus,

161 1953 309 2029 gratulari
326 1971 359 2010 se
374 1953 554 2010 Alexandro
575 1954 666 2024 dixit,
683 1957 765 2029 quhd
786 1956 894 2013 saltem
914 1957 946 2014 in
967 1958 1057 2015 India
1076 1966 1214 2032 repe-15

161 2051 254 2108 risset
278 2051 403 2126 dignum
432 2051 556 2108 talentis
585 2052 677 2109 mille.
723 2053 791 2110 Rex
819 2054 900 2111 haud
929 2055 1042 2112 oblitus
1070 2055 1160 2129 quain

162 2149 252 2225 aegre
276 2148 407 2219 tulisset,
425 2151 507 2223 qubd
530 2148 641 2207 Clitum
664 2152 703 2207 ob
725 2151 847 2226 linguae
865 2154 1068 2212 temeritatem
1082 2155 1161 2213 occi-

162 2248 270 2316 disset,
287 2248 363 2304 iram
384 2248 505 2321 quidem
526 2248 636 2318 tenuit,
654 2250 709 2306 sed
723 2249 813 2319 dixit,
839 2256 860 2283 “
874 2250 1002 2307 Invidos
1023 2252 1161 2309 homines

88 2350 96 2357 '
162 2346 237 2402 nihil
251 2345 332 2402 aliud
347 2362 438 2417 quam
453 2345 588 2419 Ipsorum
603 2364 671 2403 esse
686 2348 872 2405 tormenta.’'

202 2444 296 2501 XIII.
341 2444 391 2498 42.
422 2444 551 2501 Postero
566 2443 625 2512 die,
639 2443 734 2520 legati
743 2446 893 2502 Abisarae
909 2441 1010 2503 adiere
1025 2447 1159 2521 Regem:
1175 2454 1214 2505 20

161 2542 264 2599 omnia
285 2542 393 2599 ditioni
415 2543 494 2615 ejus,
511 2542 554 2598 ita
575 2547 609 2598 ut
630 2543 808 2599 mandatum
829 2547 905 2611 crat,
922 2543 1159 2617 permittebant3

161 2640 340 2713 firmathque
355 2636 501 2697 ⁶invicem
519 2640 579 2696 fide
599 2640 796 2696 remittuntur
816 2639 856 2695 ad
877 2639 1004 2715 Regem.
1047 2641 1160 2698 Porum

161 2754 282 2811 quoque
298 2737 430 2795 nominis
446 2738 493 2794 sui
508 2738 592 2793 fama
608 2743 692 2794 ratus
708 2738 747 2793 ad
762 2736 947 2793 deditionem
965 2755 1057 2811 posse
1078 2756 1159 2795 com·

161 2835 245 2909 pelli,
272 2836 355 2893 misit
379 2836 418 2893 ad
442 2852 511 2892 cum
534 2834 743 2904 Cleocharem,
767 2834 820 2907 qui
844 2835 1043 2892 denunciaret
1064 2836 1102 2905 ei,
1125 2843 1160 2894 ut

160 2932 346 3006 stipendium
368 2934 526 3007 penderet,
550 2937 581 2990 et
608 2932 639 2988 in
668 2933 766 3005 primo
794 2932 897 2988 finium
927 2950 1050 2989 suorum
1074 2933 1159 2991 aditu
1174 2942 1211 2992 25

160 3035 332 3088 occnneret
359 3031 448 3106 Regi.
492 3030 590 3087 Porus
618 3029 747 3085 alterum
776 3047 815 3086 ex
842 3030 890 3085 his
913 3030 1067 3087 facturum
1090 3048 1158 3088 sese

159 3128 329 3202 respondit,
360 3133 394 3184 ut
416 3127 541 3184 intranti
565 3144 692 3202 regnum
718 3144 806 3183 suum
829 3123 961 3200 ⁷praestb
986 3133 1080 3197 esset,
1104 3129 1159 3185 sed

160 3231 305 3282 armatae.
359 3226 430 3283 dam
462 3224 641 3300 Hydaspem
669 3224 849 3281 Alexander
883 3241 1026 3297 superare
1054 3225 1157 3282 decre-

159 3303 257 3393 verat,
287 3324 357 3381 edm
398 3323 584 3379 Barzaentes
619 3321 804 3379 defectionis
830 3322 1010 3379 Arachosiis
1039 3329 1154 3392 auctor,

159 3420 292 3489 vinctus,
317 3420 503 3496 trigintaque
532 3418 686 3493 elephanti
715 3418 805 3475 simul
826 3418 909 3491 capti
930 3420 1155 3493 perducuntnr;
1172 3427 1210 3476 30

191 3581 201 3616 ¹
213 3584 363 3645 praebitum
376 3590 444 3632 essct
459 3585 534 3648 (prae
547 3590 569 3639 -1-
583 3582 691 3645 habeo).
783 3578 793 3609 ⁵
804 3596 921 3639 coenam,
934 3580 970 3629 the
979 3579 1106 3644 principat
1118 3578 1187 3628 meai.

191 3663 202 3697 ²
213 3666 372 3725 convivalia,
377 3664 463 3729 factal.
782 3663 793 3695 ⁰
805 3664 926 3723 invicem,
936 3681 978 3711 one
987 3664 1051 3727 aster
1059 3662 1164 3710 another.

191 3746 287 3811 8queis
299 3770 324 3791 =
337 3749 440 3810 quibus.
784 3745 794 3777 ⁷
806 3753 919 3808 praesto,
931 3754 958 3793 at
968 3744 1043 3792 laad.

361 3829 371 3862 ⁴
384 3830 569 3888 adstrinxerat‚
579 3845 632 3893 spa.
640 3828 801 3889 constringo,
809 3828 898 3889 alligo,
906 3828 1003 3889 obligo.
