2817 4300
198 381 263 444 194
381 393 599 442 snnncrrcns
623 391 725 440 nucu
748 393 863 440 namu
884 392 1069 441 sunnone.

199 584 281 624 mum
297 584 406 642 agmen
422 570 512 638 atque
528 564 717 637 interrumpi,
736 563 812 620 alias
823 564 930 620 inferri
945 565 1034 639 signa
1049 569 1080 621 et
1093 563 1256 622 universa-

197 682 266 721 rum
280 662 579 740 cohortiumtimpetu
595 665 718 717 nostros
734 660 873 735 propelli,
886 660 956 718 dein
968 678 1073 717 rursus
1084 678 1254 719 conversos

198 760 328 834 insequi.
373 760 461 817 Totis
476 777 549 818 vero
564 758 674 816 castris
689 758 800 815 milites
816 757 954 816 circulari
969 764 1001 815 et
1014 758 1116 815 dolere
1130 759 1254 815 hostem

199 877 239 916 ex
260 858 402 914 manibus
424 857 548 927 dimitti,
567 855 681 913 bellum
701 857 876 913 necessario
897 855 1017 932 longius
1034 856 1123 925 duci3
1145 861 1254 913 centu·

199 957 300 1013 riones
322 938 521 1028 tribunosque
544 954 671 1011 militum
693 954 777 1011 adire
799 961 889 1028 atque
904 954 1064 1011 obsecrare
1080 959 1114 1011 ut
1128 972 1183 1027 per
1198 972 1254 1011 eos

199 1051 314 1110 Caesar
336 1052 448 1110 certior
472 1052 559 1109 fieret
583 1069 621 1108 ne
645 1051 742 1109 labori
769 1069 824 1108 suo
850 1069 908 1108 neu
934 1051 1067 1126 periculo
1092 1058 1252 1125 parceret:

199 1156 324 1225 paratos
347 1168 415 1208 esse
440 1167 519 1219 sese,
540 1166 632 1223 posse
655 1154 687 1206 et
710 1149 821 1206 audere
845 1167 881 1206 ea
903 1150 1033 1206 transire
1056 1149 1167 1206 flumen
1190 1167 1255 1222 qua

199 1249 357 1305 traductus
379 1252 463 1304 esset
483 1247 648 1320 equitatus.
694 1246 829 1319 Quorum
851 1246 953 1304 studio
974 1251 1006 1304 et
1020 1247 1147 1305 vocibus
1169 1248 1253 1304 exci-

199 1351 283 1402 tatus
304 1344 429 1414 Caesar,
447 1344 505 1401 etsi
527 1344 654 1401 timebat
674 1349 779 1401 tantae
801 1344 1004 1420 magnitudini
1018 1344 1148 1400 fluminis
1163 1362 1255 1401 exer-

200 1443 293 1500 citum
308 1443 454 1515 objicere,
472 1442 645 1498 conandum
660 1446 763 1498 tamen
778 1447 869 1514 atque
885 1443 1102 1515 experiendum
1120 1442 1251 1514 judicat.

199 1540 309 1613 Itaque
331 1539 512 1595 infirmiores
534 1538 646 1596 milites
668 1557 708 1595 ex
727 1539 869 1596 omnibus
884 1539 1030 1596 centuriis
1044 1539 1137 1615 deligi
1151 1540 1252 1612 jubet,

200 1654 329 1710 quorum
343 1642 396 1694 aut
411 1637 530 1693 animus
545 1641 598 1693 aut
612 1636 693 1693 vires
708 1636 891 1693 videbantur
906 1636 1055 1694 sustinere
1070 1655 1130 1694 non
1146 1654 1252 1711 posse.

200 1733 268 1791 Hos
289 1752 357 1792 cum
382 1733 502 1809 legione
528 1751 589 1790 una
614 1734 768 1808 praesidio
793 1735 902 1791 eastris
927 1734 1089 1807 relinquit;
1118 1735 1255 1807 reliquas

200 1831 336 1908 legiones
351 1832 513 1906 expeditas
535 1831 638 1888 educit
658 1848 829 1906 magnoque
851 1849 976 1889 numero
997 1833 1203 1905 jumentorum
1221 1832 1253 1888 in

200 1930 322 1987 flumine
354 1947 447 2002 supra
479 1934 570 2002 atque
602 1929 683 1984 infra
714 1930 882 1986 constituto
910 1930 1042 1987 traducit
1070 1907 1252 1987 exercitum.

200 2027 294 2084 Pauci
312 2045 351 2083 ex
374 2027 421 2082 his
442 2026 589 2083 militibus
605 2025 724 2100 abrepti
739 2027 770 2084 vi
784 2027 915 2083 fluminis
931 2028 970 2084 ab
985 2028 1122 2102 equitatu
1137 2027 1255 2103 excipi-

200 2131 292 2181 untur
306 2142 342 2182 ac
364 2125 581 2193 sublevantum
604 2124 709 2181 interit
730 2128 833 2183 tamen
854 2143 953 2184 neme.
998 2127 1153 2185 Traduoto
1168 2127 1254 2186 inco-

200 2222 273 2279 lumi
285 2224 421 2281 exercitu
433 2224 539 2297 copias
550 2223 674 2279 instruit
685 2222 895 2297 triplicemque
906 2225 1001 2282 aciem
1011 2226 1120 2283 ducere
1130 2226 1251 2301 incipit.

200 2321 248 2377 Ao
270 2325 391 2378 tantum
414 2321 474 2377 fuit
497 2322 527 2377 in
550 2318 697 2377 militibus
721 2321 824 2391 studii,
850 2327 894 2391 ut,
916 2322 1030 2380 milium
1053 2342 1109 2380 sex
1132 2324 1171 2380 ad
1195 2324 1254 2382 iter

201 2418 307 2474 addito
328 2417 456 2476 circuitu
477 2436 648 2493 magnaque
670 2418 709 2474 ad
725 2419 836 2475 vadum
858 2419 989 2476 fluminis
1011 2439 1096 2477 mora
1117 2420 1254 2495 interpo-

201 2515 272 2584 sita,
289 2533 342 2572 eos
363 2515 415 2590 qui
435 2516 473 2572 de
495 2514 586 2572 tertia
599 2513 707 2591 vigilia
728 2514 867 2573 exissent
888 2522 959 2573 ante
981 2518 1086 2574 horam
1104 2517 1164 2575 diei
1178 2534 1254 2575 vrm

200 2616 470 2686 consequerentur.

612 2855 662 2911 87.
692 2855 836 2911 Prusae.

400 3001 476 3073 Quis
490 3001 586 3058 multa
600 3000 723 3076 gracilis
736 3006 767 3058 te
782 3019 857 3075 puer
870 3002 902 3060 in
916 3020 987 3061 rosa

400 3098 550 3154 Perfusus
564 3097 687 3170 liquidis
702 3104 792 3173 urget
807 3100 964 3169 odoribuS,
1061 3138 1063 3145 ·

441 3195 550 3260 Grat0,
566 3195 696 3269 Pyrrha,
714 3196 770 3251 sub
785 3194 894 3253 antro?

480 3291 537 3350 Cui
551 3292 662 3349 flavam
677 3290 789 3368 religas
804 3310 935 3364 comam,

400 3486 537 3560 Simplex
552 3484 732 3544 munditiis?
773 3487 843 3545 Heu
859 3489 977 3565 quoties
992 3491 1083 3547 fidem

399 3584 597 3656 Mutatosque
612 3585 687 3642 deos
702 3584 787 3642 flebit
802 3590 833 3643 et
847 3603 956 3659 aspera

440 3680 544 3754 Nigris
560 3698 692 3753 aequora
706 3681 807 3739 ventis

479 3775 666 3832 Emirabitur
680 3776 828 3846 insolens,
