2817 4300
178 375 241 438 180
361 391 577 439 sanncmons
600 393 702 438 raons
725 392 838 437 narni
862 392 1045 438 Aurnoas.

179 562 361 636 Hispaniam
375 566 507 620 tueatur.
551 562 610 619 His
624 563 714 620 rebus
731 563 906 622 constitutis
921 564 1038 637 equites
1053 563 1231 637 auxiliaque

178 659 236 715 toti
251 659 428 716 Lusitaniae
444 677 462 716 a
480 659 614 729 Petreio,
631 659 826 731 Celtiberiae,
844 660 1008 720 Cantabris
1029 660 1232 734 barbarisque

178 755 319 812 omnibus
334 755 386 829 qui
401 756 441 812 ad
455 754 612 814 Oceanum
630 757 796 831 pertinent,
813 758 852 814 ab
873 758 1008 814 Afranio
1029 757 1228 832 imperantur.

179 851 297 924 Quibus
315 854 431 911 coactis
446 853 583 911 celeriter
602 853 742 912 Petreius
763 873 819 930 per
832 855 982 912 Vettones
1004 855 1043 912 ad
1064 854 1232 911 Afranium

178 950 328 1025 pervenit,
342 952 592 1025 constituuntque
604 953 757 1009 communi
772 953 900 1010 consilio
915 952 1028 1009 bellum
1043 952 1082 1008 ad
1097 951 1231 1008 ilerdam

178 1053 303 1124 propter
325 1048 421 1122 ipsius
442 1047 502 1106 loci
523 1051 783 1124 opportunitatem
803 1068 918 1126 gerere.
963 1050 1071 1117 Erant,
1088 1054 1231 1124 utsupra

178 1145 420 1203 demonstratum
442 1152 501 1217 est,
519 1145 657 1223 legiones
678 1147 804 1204 Afranii
825 1165 873 1217 111,
895 1146 1008 1204 Petreii
1030 1147 1119 1217 duae,
1144 1164 1230 1220 prae·

178 1247 261 1300 terea
275 1249 394 1301 scutate
409 1243 557 1301 citerioris
573 1244 747 1318 provinciae
759 1250 790 1302 et
801 1250 934 1302 cetratae
949 1244 1100 1301 ulterioris
1115 1243 1231 1316 Hispa·

178 1341 247 1398 niae
262 1341 402 1398 cohortes
418 1342 538 1399 circiter
554 1359 644 1399 nxxx
658 1343 853 1416 equitumque
874 1341 1032 1414 utriusque
1053 1340 1230 1415 provinciae

178 1438 298 1496 circiter
319 1457 338 1496 v
359 1438 452 1495 milia.
497 1437 611 1496 Caesar
632 1438 770 1515 legiones
785 1439 815 1495 in
832 1438 1015 1512 Hispaniam
1031 1437 1231 1512 praemiserat

177 1552 223 1605 v1,
247 1534 363 1593 auxilia
384 1536 520 1610 peditum
537 1579 544 1592 .
565 1579 572 1592 .
592 1579 599 1592 .
616 1537 711 1605 milia,
728 1537 864 1610 equitum
885 1553 922 1591 111
944 1535 1027 1591 milia
1041 1553 1119 1609 quae
1133 1535 1230 1592 omnl-

177 1633 235 1690 bus
250 1633 446 1708 superoribus
457 1633 545 1691 bellis
556 1634 716 1704 habuerat,
730 1639 761 1690 et
773 1651 876 1708 parem
888 1651 927 1690 ex
942 1632 1044 1691 Gallia
1058 1649 1228 1703 numerum,

177 1748 268 1804 quam
297 1732 363 1803 ipse
392 1736 567 1804 pacaverat,
598 1732 778 1788 nominatim
810 1749 849 1788 ex
883 1729 1024 1787 omnibus
1052 1729 1230 1787 civitatibus

178 1811 369 1885 nobilissimo
379 1845 499 1902 quoque
514 1834 654 1897 evocate,
668 1830 726 1886 huo
743 1871 750 1884 .
770 1871 777 1885 .
797 1870 804 1884 .
822 1828 929 1902 optimi
943 1827 1063 1902 generis
1074 1827 1229 1884 hominnm

177 1943 218 1982 ex
231 1926 397 1999 Aquitanis
413 1927 627 1999 montanisque
641 1926 693 1999 qni
708 1925 843 1984 Galliam
857 1925 1046 1999 provinciam
1060 1924 1227 2000 attingunt.

177 2023 329 2080 Audierat
349 2023 527 2097 Pompeium
550 2041 603 2098 per
617 2021 838 2080 Mauritaniam
857 2039 925 2079 cum
939 2021 1111 2098 legionibus
1125 2021 1183 2078 iter
1198 2021 1230 2077 in

177 2119 362 2195 Hispaniam
387 2121 489 2179 iacere
517 2121 738 2195 confestimque
767 2137 834 2178 esse
863 2125 1035 2179 venturum.
1091 2117 1187 2178 Simul
1211 2137 1230 2176 a

177 2218 309 2275 tribunis
324 2219 452 2276 militum
468 2220 755 2292 centurionibusque
770 2224 891 2276 mutuas
912 2218 1057 2292 pecunias
1079 2217 1228 2292 sumpsit3

178 2316 233 2371 has
249 2317 397 2373 exercitui
418 2316 583 2375 distribuit.
628 2316 696 2389 Quo
711 2318 796 2373 facto
811 2316 888 2372 duas
902 2302 955 2372 res¹
966 2319 1148 2373 consecutus
1168 2319 1226 2384 est,

178 2414 259 2486 quod
274 2414 400 2489 pignore
416 2414 534 2470 animos
549 2414 760 2471 centurionum
775 2411 915 2471 devinxit
929 2416 961 2468 et
974 2411 1137 2487 largitione
1152 2411 1229 2468 mili-

178 2515 243 2567 tum
257 2509 433 2567 voluntates
448 2511 587 2568 redemit.

414 2755 462 2811 73.
492 2754 563 2810 Tris
585 2752 731 2811 Carrhas
753 2773 791 2812 or
812 2756 994 2812 Nunnurm.

217 2901 337 2960 Deinde
365 2900 477 2958 bellum
506 2904 647 2958 exortum
680 2906 729 2958 est
763 2919 832 2958 cum
866 2901 1074 2971 Numantinis,
1104 2900 1229 2959 civitate

178 2998 359 3071 Hispaniae.
402 2997 512 3055 Victus
537 2997 645 3054 abhis
668 2996 799 3069 Quintus
822 2998 996 3072 Pompeius,
1013 3004 1044 3055 et
1069 3003 1139 3071 post
1160 3014 1229 3054 eum

178 3094 270 3152 Caius
292 3094 445 3152 Hostilius
466 3094 630 3151 Mancinus
651 3094 769 3163 consul,
786 3094 838 3168 qui
863 3112 968 3169 pacem
998 3112 1065 3152 cum
1087 3094 1124 3151 iis
1153 3094 1229 3151 fecit

178 3192 336 3261 infamem,
367 3209 457 3266 quam
487 3191 616 3266 populus
644 3196 677 3249 et
704 3197 829 3249 senatus
854 3191 948 3266 jussit
975 3190 1113 3267 infringi,
1137 3196 1229 3264 atque

177 3292 277 3364 ipsum
292 3290 469 3347 Mancinum
490 3289 630 3347 hostibus
644 3289 735 3347 tradi.
779 3289 857 3346 Tum
877 3287 1004 3345 Publius
1027 3287 1129 3363 Scipio
1144 3286 1230 3345 Afri·

178 3406 273 3447 canus
288 3388 319 3444 in
334 3388 518 3463 Hispaniam
534 3388 645 3445 missus
660 3392 718 3445 est.
756 3387 790 3445 Is
805 3388 935 3462 primum
946 3387 1073 3444 militem
1085 3388 1229 3463 ignavum

178 3493 210 3545 et
223 3491 397 3560 corruptum
410 3486 561 3555 correxit3
581 3491 646 3543 tum
658 3486 771 3543 multas
783 3486 952 3560 Hispaniae
965 3486 1105 3543 civitates
1117 3486 1228 3560 partim

177 3584 260 3641 bello
274 3584 366 3657 cepit,
383 3583 495 3657 partim
516 3584 547 3639 in
568 3583 755 3641 deditionem
778 3584 906 3657 accepit.
950 3584 1110 3640 Postremo
1129 3584 1228 3657 ipsam

179 3680 377 3738 Numantiam
399 3681 481 3737 fame
504 3682 543 3738 ad
565 3681 751 3737 deditionem
774 3680 885 3757 coegit,
909 3680 1074 3753 urbemque
1100 3679 1228 3749 evertit;

178 3777 326 3851 reliquam
340 3777 528 3851 provinciam
543 3777 573 3833 in
589 3777 679 3834 fidem
694 3777 823 3853 accepit.
914 3846 916 3850 .
