2817 4300
188 381 250 445 156
374 398 588 444 sunncmous
612 398 713 444 11011
735 397 847 444 narni
870 397 1051 445 aurnuns

99 606 101 609 ψ
188 569 257 637 bue,
280 568 413 624 maxime
435 568 526 625 etiam
552 573 706 643 permotus
728 569 902 626 defectione
925 569 1095 638 civitatum,
1121 569 1241 644 legatos

189 683 244 739 per
263 664 445 721 Atrebatem
460 663 630 722 Commium
651 665 689 722 de
712 665 866 722 deditione
889 666 928 722 ad
948 649 1111 722 Caesarem
1132 666 1238 722 mittit.

174 760 315 829 Caesar,
342 779 433 834 quum
463 763 675 820 constituisset
702 763 834 820 hiemare
864 763 895 818 in
920 763 1089 821 continenti
1114 767 1242 836 propter

189 859 365 933 repentinos
380 857 500 916 Galliae
515 865 627 929 motus,
645 876 742 932 neque
763 860 891 917 multum
908 861 1035 917 aestatis
1051 865 1239 934 superesset,

190 962 281 1030 atque
303 957 334 1013 id
356 957 446 1014 facile
467 957 588 1013 extrahi
604 974 694 1031 posse
709 957 902 1034 intelligeret,
920 958 1043 1014 obsides
1065 957 1194 1030 imperat
1209 962 1242 1015 et

189 1055 263 1127 quid
284 1055 314 1110 in
337 1071 434 1110 annos
455 1055 592 1130 singulos
613 1055 773 1131 vectigalis
795 1055 908 1129 populo
925 1056 1064 1111 Romano
1079 1055 1241 1111 Britannia

190 1152 337 1225 penderet
356 1152 532 1219 constituit,
557 1153 711 1209 interdicit
732 1157 823 1225 atque
844 1153 974 1226 imperat
995 1151 1237 1220 CassivellaunO,

191 1267 229 1306 ne
249 1249 468 1306 Mandubratio
483 1267 540 1305 neu
556 1249 796 1306 Trinobantibus
812 1257 931 1306 noceat.

503 1462 552 1516 42.
590 1461 661 1516 Tun
683 1459 772 1517 01111
794 1459 929 1517 Counsn.

232 1589 305 1648 Non
319 1595 368 1647 est
380 1591 480 1660 vebia,
497 1589 642 1663 Quirites,
659 1609 728 1647 oum
750 1609 786 1647 eo
807 1592 895 1648 hoste
915 1596 1080 1660 certamen,
1097 1608 1165 1648 curn
1179 1607 1241 1663 quo

193 1687 294 1760 aliqua
308 1687 393 1768 pacis
408 1687 547 1744 condicio
566 1705 634 1745 esse
656 1688 764 1762 possit.
810 1689 917 1761 Neque
939 1689 1019 1745 enim
1041 1688 1089 1745 ille
1112 1688 1240 1744 servitu·

192 1789 256 1841 tem
269 1789 414 1852 vestram,
432 1791 465 1840 ut
480 1790 582 1852 antea,
599 1786 653 1841 sed
667 1787 732 1857 jam
747 1785 842 1842 iratus
858 1785 1238 1860 sanguinem‘eoneupirit.

193 1881 304 1938 Nullus
329 1882 357 1938 ei
380 1881 471 1938 ludus
496 1883 704 1939 videturesse
731 1883 892 1955 jucundior
916 1900 1005 1955 quam
1028 1900 1126 1951 eruor,
1150 1898 1242 1954 quarn

193 1979 314 2049 caedeS,
330 1997 422 2053 quam
443 1985 514 2036 ante
536 1979 641 2036 oeulos
661 1980 824 2037 trucidatio
839 1980 960 2036 nivium.
1005 1981 1077 2036 Non
1092 1984 1139 2036 est
1153 1979 1241 2036 vobis

192 2094 253 2146 res,
281 2075 424 2149 Quirites,
452 2095 520 2134 eum
545 2077 695 2134 scelerato
721 2077 841 2133 homine
871 2094 906 2134 ac
935 2077 1064 2142 nefarie,
1092 2077 1145 2134 sed
1173 2093 1242 2133 cum

194 2173 318 2231 immani
347 2180 484 2248 tetraque
513 2175 612 2245 belua,
638 2193 716 2249 quae
741 2176 884 2249 quoniam
913 2176 944 2232 in
973 2176 1094 2232 foveam
1122 2174 1240 2243 incidit,

194 2273 350 2328 obruatur.
396 2270 428 2329 Si
443 2273 524 2329 enim
538 2272 620 2329 illine
636 2273 803 2352 emerserit,
821 2272 931 2329 nullius
954 2272 1094 2345 supplicii
1114 2271 1242 2329 crudeli-

194 2374 243 2426 tas
265 2368 323 2426 erit
344 2370 523 2426 recusanda.
569 2368 630 2427 Sed
645 2374 777 2439 tenetur,
794 2370 952 2443 premitur,
967 2374 1091 2445 urgetur
1106 2386 1186 2425 nuno
1205 2368 1242 2425 iis

194 2467 302 2540 copiis,
329 2484 406 2540 quas
435 2468 593 2537 habemus,
620 2485 693 2524 mox
721 2467 769 2536 iis,
795 2484 872 2540 quas
901 2466 1006 2540 paucis
1035 2466 1142 2524 diebus
1171 2466 1243 2523 novi

195 2565 336 2621 eonsules
358 2565 588 2638 comparabunt.
635 2564 806 2621 Incumbite
828 2564 859 2619 in
882 2582 1016 2633 eausam,
1040 2563 1185 2637 Quirites,
1210 2567 1244 2620 ut

195 2662 309 2719 facitis.
354 2661 519 2733 Nunquam
534 2662 632 2734 major
646 2679 814 2719 consensus
826 2670 927 2717 vester
942 2662 971 2717 in
987 2660 1048 2718 ulla
1063 2678 1155 2718 eausa
1170 2659 1241 2728 fuit,

195 2776 351 2831 nunquam
378 2763 441 2814 tam
468 2759 665 2815 vehementer
693 2776 762 2815 eum
793 2762 901 2815 senatu
930 2758 1098 2815 consociati
1125 2757 1240 2813 fuistis.

195 2856 262 2912 Nee
283 2856 401 2912 mirum.
445 2854 558 2931 Agitur
578 2856 658 2911 enim
680 2873 740 2911 non
763 2873 823 2929 qua
845 2856 1023 2913 condicione
1044 2855 1165 2924 rieturi,
1188 2853 1243 2911 sed

195 2952 344 3010 vieturine
360 2951 455 3008 simus
470 2970 509 3009 an
525 2970 593 3009 cum
609 2952 761 3027 supplicio
776 2952 1001 3028 ignominiaque
1017 2952 1152 3026 perituri.

288 3165 339 3220 43.
376 3164 447 3220 Tun
470 3161 595 3220 Srnnon
617 3180 656 3220 or
679 3161 829 3221 01111111
849 3179 888 3220 10
909 3181 960 3221 urs
983 3162 1147 3221 Sonnmns.

236 3293 433 3369 Compertum
444 3311 501 3370 ego
515 3294 625 3361 habeo,
638 3293 763 3363 milites,
776 3294 869 3351 verba
881 3294 1025 3352 virtutem
1039 3312 1101 3350 non
1113 3293 1224 3350 addere
1235 3311 1242 3361 3

195 3410 293 3466 neque
315 3411 354 3449 ex
373 3393 486 3467 ignavo
501 3397 669 3458 strenuum,
686 3408 784 3463 neque
806 3392 918 3448 fortem
940 3409 980 3448 ex
1001 3391 1108 3448 timido
1129 3390 1243 3450 exerei-

196 3495 271 3560 tum,
299 3490 436 3548 oratione
462 3488 665 3563 imperatorie,
692 3489 767 3545 fieri.
823 3486 945 3560 Quanta
970 3490 1118 3562 cujusque
1144 3488 1246 3545 animo

196 3588 324 3645 audacia
349 3593 469 3656 natura,
497 3593 550 3644 aut
574 3587 720 3657 moribus,
744 3587 840 3655 inest,
867 3592 955 3644 tanta
979 3587 1010 3643 in
1035 3586 1115 3643 bello
1140 3590 1244 3660 patere

196 3686 292 3742 solet:
315 3702 406 3758 quem
427 3702 524 3758 neque
546 3684 654 3760 gloria,
670 3701 769 3756 neque
788 3684 936 3757 pericula,
954 3685 1101 3751 excitant,
1119 3684 1245 3756 nequid-

195 3798 286 3854 quam
308 3781 446 3850 hortere3
475 3782 566 3838 timor
587 3780 680 3837 animi
703 3781 827 3838 auribus
848 3781 962 3838 obficit.
1008 3780 1068 3837 Sed
1093 3798 1151 3856 ego
1175 3798 1242 3850 voe,
