2817 4300
542 399 660 468 SHOilT
683 399 881 446 EXTRAGTS.

266 569 337 628 Sive
352 577 452 627 errore
467 569 535 627 viae
550 586 604 626 seu
619 569 855 642 tempestatibus
870 569 942 639 acti,

264 667 367 739 qualia
381 667 477 723 multa
491 667 568 722 mari
582 674 694 722 nautae
711 666 867 738 patiuntur
882 667 913 723 in
928 667 1001 736 alte,

265 765 396 821 fluminis
410 764 548 821 intrastis
562 764 646 836 ripas
660 768 811 837 portuque
827 764 951 832 sedetis,

264 880 302 919 ne
318 863 416 937 fugite
431 862 598 935 hospitium
612 880 689 919 neve
705 861 844 936 ignorate
860 861 986 918 Latinos

265 959 389 1016 Saturni
403 966 537 1035 gentem,
553 959 636 1016 haud
650 959 752 1016 vinclo
767 977 823 1017 nec
837 958 957 1034 legibus
972 977 1110 1032 aequam,

264 1062 374 1130 sponte
389 1075 445 1113 sua
458 1057 631 1130 veterisque
646 1057 694 1114 dei
711 1074 743 1114 se
760 1074 842 1113 more
857 1062 1022 1114 tenentem.

263 1154 367 1226 Atque
381 1155 522 1226 equidem
536 1154 659 1210 memini
678 1154 779 1230 (fama
794 1159 842 1211 est
855 1154 1013 1211 obscurior
1027 1154 1131 1230 annis)

264 1251 427 1308 Auruncos
442 1252 485 1308 ita
500 1253 581 1308 ferre
597 1269 698 1321 senes,
715 1251 762 1307 his
777 1256 862 1308 ortus
877 1261 911 1308 ut
926 1252 1007 1327 agris

264 1348 428 1406 Dardanus
443 1349 555 1406 Idaeas
569 1349 722 1424 Phrygiae
737 1348 910 1422 penetravit
925 1349 963 1406 ad
980 1350 1069 1406 urbes

264 1445 496 1519 Threiciamque
512 1445 647 1515 Samum,
664 1464 742 1519 quae
757 1463 838 1504 nunc
854 1446 1063 1504 Samothracia
1078 1447 1186 1503 fertur.

264 1542 346 1600 Hinc
360 1543 456 1612 illum,
473 1542 600 1620 Corythi
614 1545 773 1619 Tyrrhena
788 1544 827 1599 ab
842 1544 914 1600 sede
929 1545 1110 1617 profectum,

264 1658 356 1698 aurea
370 1659 451 1698 nune
465 1641 542 1698 solio
557 1641 710 1698 stellantis
725 1640 809 1716 regia
824 1642 899 1698 caeli

264 1738 421 1812 accipitet
436 1756 592 1795 numerum
608 1738 745 1796 divorum
762 1738 908 1794 altaribus
925 1738 1048 1813 auget.”

405 1917 454 1970 52.
498 1916 569 1970 Tun
591 1915 725 1972 Crassus
747 1932 785 1971 or
806 1933 867 1970 run
890 1914 1010 1972 Grues.

223 2029 262 2086 In
283 2029 366 2085 omni
387 2028 489 2086 Gallia
511 2047 615 2086 eorum
636 2029 802 2098 hominurn,
819 2028 871 2101 qui
893 2029 995 2100 aliquo
1017 2034 1089 2085 sunt
1110 2048 1234 2089 numero

183 2132 274 2200 atque
290 2128 414 2197 honore,
431 2145 544 2203 genera
559 2130 631 2184 sunt
644 2127 724 2195 du0;
747 2144 816 2183 nam
832 2125 937 2200 plebes
958 2143 1055 2200 paene
1077 2144 1235 2185 servorum

183 2225 313 2282 habetur
330 2225 409 2294 loce,
427 2243 504 2298 quae
526 2225 601 2281 nihil
622 2225 791 2303 audet'per
813 2242 857 2293 se,
874 2224 958 2280 nullo
980 2225 1142 2281 adhibetur
1163 2244 1233 2283 con-

183 2322 262 2378 silio.
306 2322 458 2395 Plerique,
489 2340 582 2395 quum
617 2331 670 2379 aut
704 2339 774 2378 aere
809 2322 909 2378 alieno
937 2326 990 2378 aut
1023 2324 1233 2398 magnitudine

184 2420 365 2477 tributorum
387 2425 441 2477 aut
462 2421 573 2492 injuria
594 2419 800 2492 potentiorum
823 2424 1012 2492 premuntur,
1030 2438 1097 2477 sese
1119 2420 1150 2477 in
1172 2440 1233 2478 ser-

183 2518 311 2575 vitutem
335 2519 440 2575 dicant
462 2518 634 2573 nobilibus:
665 2517 697 2573 in
720 2518 775 2572 hos
801 2517 907 2574 eadem
929 2519 1031 2575 omnia
1052 2524 1123 2576 sunt
1152 2520 1231 2592 jura,

183 2633 262 2688 quae
290 2616 421 2671 dominis
449 2615 480 2671 in
512 2632 627 2671 servos
673 2613 734 2681 Sed
761 2614 799 2671 de
835 2614 881 2669 his
916 2614 1035 2671 duobus
1070 2617 1233 2691 generibus

183 2713 314 2769 alterum
341 2718 390 2770 est
410 2713 571 2779 Druidum,
595 2712 723 2769 alterum
746 2712 890 2784 equitum.
935 2712 986 2767 llli
1007 2713 1097 2769 rebus
1120 2714 1233 2771 divinis
1297 2784 1299 2787 .

184 2810 347 2879 intersunt,
364 2810 513 2867 sacrificia
534 2810 655 2883 publiea
677 2826 713 2865 ac
735 2809 855 2884 privata
876 2816 1051 2881 procurant,
1070 2810 1233 2885 religiones

184 2908 433 2981 interpretantur.
477 2908 529 2963 Ad
557 2908 613 2963 hos
648 2924 778 2981 magnus
815 2906 1054 2963 adolescentium
1089 2925 1232 2964 numerus

183 3006 363 3077 discipliuae
391 3022 484 3062 eausa
512 3005 674 3072 concurrit,
706 3021 876 3079 magnoque
907 3003 936 3059 hi
965 3010 1036 3059 sunt
1064 3004 1145 3077 apud
1180 3022 1233 3061 eos

184 3103 308 3157 honore.
352 3101 432 3158 Nam
456 3103 521 3158 fere
544 3102 581 3157 de
604 3100 745 3157 omnibus
774 3100 989 3157 controversiis
1018 3101 1147 3173 publicis
1173 3102 1232 3175 pri-

183 3199 323 3271 vatisque
346 3199 555 3265 constituunt3
588 3198 665 3255 etsi
687 3198 769 3271 quod
792 3203 840 3254 est
865 3198 1029 3253 admissum
1054 3198 1182 3268 facinus,
1207 3200 1232 3254 si

183 3296 294 3353 caedes
316 3298 411 3364 faeta,
435 3297 462 3353 si
483 3297 521 3354 de
542 3296 723 3364 hereditate,
746 3295 784 3351 de
806 3294 916 3351 finibus
942 3296 1150 3351 controversia
1172 3301 1230 3363 est,

183 3394 275 3450 iidem
296 3393 648 3467 deee1·nunt;‘praemia
679 3408 855 3465 poenasque
881 3392 1081 3448 constituunt.
1127 3392 1160 3450 Si
1181 3393 1233 3465 qui

184 3498 237 3547 aut
251 3492 387 3565 privatus
403 3496 457 3547 aut
470 3491 601 3564 populus
616 3507 719 3547 eorum
735 3490 859 3546 decreto
880 3507 940 3545 nou
963 3490 1060 3559 stetit,
1077 3490 1232 3547 sacrifieiis

179 3589 379 3645 interdicunt.
423 3588 510 3644 Haec
525 3606 623 3661 poena
639 3586 719 3660 apud
736 3604 788 3643 eos
810 3592 858 3643 est
879 3586 1070 3661 gravissima.
1115 3588 1232 3659 Quibus

183 3687 228 3743 ita
250 3691 298 3741 est
320 3685 527 3752 interdictum,
551 3685 580 3741 hi
610 3701 736 3741 numero
764 3683 923 3757 impiorum
953 3702 988 3741 ac
1017 3684 1232 3741 sceleratorum

183 3782 352 3851 habentur,
375 3783 422 3839 his
437 3799 543 3839 omnes
560 3782 723 3851 decedunt,
741 3780 857 3839 aditum
878 3798 981 3839 eorum
1004 3799 1232 3857 sermonemque
