2817 4300
153 322 194 386 10
336 337 553 385 SELECTIONS
577 335 678 383 FROM
702 335 815 382 LATIN
838 335 1020 382 AUTHORS.

206 508 353 565 interiit.”
395 508 482 565 Haec
504 525 572 566 cum
587 507 729 576 dixisset,
745 507 861 579 juravit
881 524 914 562 se
936 505 995 562 nisi
1008 505 1156 564 victorem
1170 507 1202 562 in

206 610 308 663 castra
330 623 391 662 non
406 622 609 675 reversurum,
626 604 818 677 requuosque
833 608 867 660 ut
881 602 962 660 idem
977 603 1115 661 facerent
1133 604 1202 660 hor·

205 708 289 760 tatus
305 708 363 759 est.
407 702 476 760 Hoc
490 702 620 759 laudans
634 700 798 775 Pompeius
813 700 892 757 idem
907 700 1040 774 juravit3
1062 718 1119 758 nec
1129 718 1204 759 vero

205 797 270 857 1⁰err
291 800 415 874 reliquis
436 799 497 857 fuit
524 799 684 872 quisquam
704 797 756 872 qui
784 799 885 872 jurare
907 798 1071 855 dubitaret.
1114 798 1203 856 Haec

173 906 190 954 5
206 915 275 955 cum
296 898 468 955 factasunt
488 897 519 953 in
534 894 673 965 consilio,
690 913 803 971 magna
817 896 871 969 spe
886 899 918 952 et
936 893 1054 952 laetitia
1068 896 1203 953 omnium

128 989 131 995 ’
206 995 375 1052 discessum
402 1000 468 1062 est;
504 1011 539 1051 ac
562 995 627 1068 jam
651 993 753 1050 animo
777 992 936 1051 victoriam
960 993 1201 1067 praecipiebant,

205 1092 287 1165 quod
302 1093 340 1148 de
360 1105 393 1148 re
414 1097 547 1148 tantast
568 1096 664 1147 atam
685 1089 784 1164 perito
798 1089 981 1164 imperatore
996 1089 1070 1147 nihil
1087 1091 1204 1147 frustra

206 1189 376 1262 confirmari
391 1187 561 1246 videbatur.

247 1285 459 1343 LXXXVIII.
489 1284 614 1354 Caesar,
645 1301 714 1342 cum
741 1283 880 1358 Pompeii
902 1283 1012 1341 castris
1041 1286 1204 1358 appropIn-

155 1389 192 1439 10
207 1387 343 1456 quasset,
361 1382 399 1439 ad
421 1383 501 1440 hunc
522 1383 646 1439 modum
667 1381 762 1438 aciem
785 1382 852 1454 ejus
874 1381 1054 1438 instructam
1068 1381 1205 1438 animad-

207 1481 310 1538 vertit.
354 1479 453 1536 Erant
474 1480 506 1536 in
527 1479 652 1536 sinistro
673 1495 768 1536 cornu
788 1478 926 1554 legiones
940 1479 1019 1536 duae
1040 1478 1171 1536 traditae
1186 1497 1205 1536 a

207 1575 339 1634 Caesare
360 1577 448 1634 initio
469 1576 670 1634 dissensionis
692 1593 732 1632 ex
747 1581 873 1632 senatus
887 1576 1048 1645 consulto3
1077 1594 1204 1650 quarum

208 1692 269 1731 una
290 1675 403 1744 Prima,
425 1675 522 1732 altera
542 1674 648 1731 Tertia
669 1673 892 1748 appellabatur.
935 1673 973 1729 In
995 1691 1032 1730 eo
1052 1672 1204 1748 1000Ipse

208 1777 273 1829 erat
300 1771 476 1844 Pompeius.
519 1771 656 1828 Mediam
684 1771 781 1828 aciem
809 1769 912 1844 Scipio
936 1789 1005 1828 cum
1032 1770 1205 1847 legionibus

156 1877 192 1926 15
209 1869 343 1944 Syriacis
358 1868 494 1926 tenebat.
538 1866 710 1926 Ciliciensis
728 1868 809 1944 legio
822 1869 989 1942 conjuncta
1010 1886 1078 1925 cum
1099 1869 1205 1926 cohor-

208 1967 290 2024 tibus
311 1965 473 2039 Hispauis,
494 1982 571 2038 quas
593 1966 750 2023 traductas
775 1967 814 2022 ab
835 1965 970 2022 Afranio
991 1966 1149 2023 docuimus
1173 1966 1205 2022 iu

209 2065 319 2120 dextro
334 2081 427 2120 cornu
442 2067 529 2119 erant
544 2063 721 2120 collocatae.
759 2062 826 2120 Has
843 2063 1031 2119 firmissimas
1045 2081 1078 2120 se
1093 2063 1206 2121 habere

209 2162 374 2235 Pompeius
403 2161 611 2218 existimabat.
655 2161 801 2235 Reliquas
835 2162 915 2219 inter
949 2161 1046 2219 aciem
1073 2162 1206 2219 mediam

209 2276 382 2332 cornuaque
396 2259 592 2331 interjecerat
606 2276 791 2332 numeroque
803 2260 944 2316 cohortes
957 2275 1001 2315 cx
1014 2259 1203 2333 expleverat.

156 2363 194 2413 20
209 2356 296 2413 Haec
311 2361 398 2413 erant
418 2354 501 2412 milia
515 2369 591 2425 xcv,
607 2352 626 2385 ¹¹
633 2361 829 2413 evocatorum
843 2356 963 2414 circiter
984 2357 1057 2425 duo,
1073 2374 1151 2431 quae
1166 2375 1206 2415 ex

209 2448 434 2509 1²beneficiariis
462 2454 650 2526 superiorum
678 2454 867 2511 exercituum
894 2454 935 2511 ad
963 2473 1031 2512 eum
1056 2472 1206 2513 convene-

209 2555 297 2618 rant,
326 2567 404 2622 quae
429 2554 495 2606 tota
517 2550 581 2606 acie
596 2550 792 2625 disperserat.
837 2551 982 2626 Reliquas
1004 2552 1145 2609 cohortes
1158 2570 1206 2609 vn

210 2646 241 2702 in
263 2647 372 2703 castris
394 2646 633 2720 propinquisque
661 2648 796 2705 castellis
824 2650 978 2723 praesidio
999 2650 1203 2724 disposuerat.

210 2744 363 2800 Dextrum
378 2760 471 2800 cornu
493 2744 561 2815 ejus
582 2740 690 2800 ¹³rivus
705 2744 830 2817 quidam
843 2746 998 2820 impeditis
1019 2748 1094 2822 ripis
1109 2748 1207 2804 muni·

156 2848 194 2899 25
211 2841 300 2908 ebat3
330 2857 421 2913 quam
443 2840 484 2896 ob
506 2857 629 2897 causam
658 2847 801 2899 cunctum
825 2843 1005 2916 equitatum,
1029 2845 1206 2921 sagittarios

210 2937 442 3009 funditoresque
457 2954 563 2994 omnes
578 2938 703 2995 sinistro
718 2956 812 2997 cornu
826 2940 993 3014 objecerat.

251 3033 434 3091 LXXXIX.
465 3032 580 3091 Caesar
600 3030 757 3109 2superius
778 3036 952 3095 institutum
973 3056 1100 3097 servans
1120 3057 1144 3096 x
1165 3039 1207 3096 le·

210 3132 332 3207 gionem
354 3131 384 3186 in
400 3131 510 3187 dextro
531 3148 637 3201 cornu,
654 3149 767 3190 nonam
790 3134 822 3190 in
844 3134 969 3193 sinistro
989 3136 1205 3204 collocaverat,

200 3313 221 3347 1⁰
234 3329 267 3363 ex
279 3314 387 3375 reliquis
400 3336 424 3356 =
438 3314 608 3376 reliquorum.

192 3394 222 3429 '¹1
234 3400 405 3445 evocatorum
419 3395 556 3459 (evocati),
569 3413 620 3445 meu
633 3396 683 3444 wlo
694 3396 747 3445 bad
758 3398 844 3448 served
858 3398 919 3448 their
934 3401 990 3449 time
1006 3416 1035 3449 as
1046 3399 1156 3462 soldiers,
1168 3401 1207 3450 bat

299 3492 358 3524 wcrc
370 3477 502 3525 sometimes
514 3477 606 3526 invited
618 3487 640 3526 to
651 3487 751 3527 recator
762 3479 799 3527 lle
811 3480 909 3530 service.

200 3557 222 3593 12
233 3557 416 3618 beneficiariis,
433 3557 525 3621 special
538 3559 662 3623 favorites
680 3561 712 3626 of
725 3560 762 3610 tle
780 3561 940 3624 commender,
959 3562 1012 3612 aad
1031 3571 1124 3629 exempl
1136 3564 1206 3630 stom

301 3656 373 3705 many
392 3656 462 3704 camp
474 3639 561 3689 duties.

201 3720 224 3757 ¹³
234 3723 315 3781 rivus,
328 3737 381 3787 syn.
393 3721 500 3772 flumen.
