2817 4300
527 405 645 451 sacar
667 403 865 452 manners.
1161 387 1224 452 159
1267 379 1282 408 “

170 594 248 651 quae
269 577 300 633 in
321 593 425 634 eorum
440 575 551 632 finibus
573 576 773 644 hiemaverat,
790 574 901 632 adoriri
923 576 1085 650 parabant,
1101 577 1223 648 jamque

171 674 210 730 ab
225 691 262 730 eo
277 690 337 729 non
352 672 474 747 longius
489 672 573 728 bidui
588 672 639 729 via
653 672 793 740 aberant,
809 689 902 746 quum
917 672 994 728 duas
1009 672 1128 728 venisse
1150 672 1224 748 legi-

171 789 246 828 ones
267 771 362 826 missu
384 768 526 826 Caesaris
548 763 748 845 cognoscunt.
792 769 905 826 Positis
920 770 1029 826 castris
1051 787 1069 825 a
1090 769 1224 826 millibus

171 885 316 943 passuum
344 867 528 940 quindecim,
551 867 666 923 auxilia
690 866 914 925 Germanorum
943 873 1124 941 exspectare
1152 884 1223 924 con·

171 967 313 1024 stituunt.
372 964 536 1034 Labienus,
576 966 709 1022 hostium
744 965 868 1041 cognito
908 965 1046 1034 consili0,
1083 983 1222 1038 sperasne,

171 1064 343 1121 temeritate
354 1080 459 1120 eorum
470 1063 536 1120 fore
546 1062 679 1136 aliquam
693 1063 858 1121 dimicandi
869 1063 1058 1132 facultatem,
1072 1063 1224 1136 praesidio

171 1161 303 1235 quinque
319 1160 487 1218 cohortium
504 1160 730 1234 impedimentis
740 1160 867 1228 relicto,
885 1178 952 1217 oum
967 1161 1077 1236 viginti
1090 1159 1223 1233 quinque

171 1259 348 1316 cohortibus
370 1275 542 1334 magnoque
564 1258 701 1331 equitatu
717 1263 823 1317 contra
844 1258 964 1314 hostem
979 1257 1179 1331 proficiscitur
1193 1265 1225 1314 et

171 1355 253 1413 mille
281 1373 425 1429 passuum
455 1354 629 1412 intermisso
657 1355 760 1430 spatio
788 1360 890 1413 castra
918 1355 1093 1412 communit.
1149 1356 1224 1412 Erat

172 1452 251 1510 inter
264 1453 433 1509 Labienum
450 1460 541 1526 atque
555 1454 676 1510 hostem
690 1452 804 1509 difficili
818 1452 949 1509 transitu
965 1453 1073 1508 flumen
1089 1452 1223 1526 ripisque

172 1551 362 1624 praeruptis3
385 1551 443 1607 hoc
457 1568 554 1622 neque
570 1550 634 1624 ipse
649 1551 779 1607 transire
795 1550 927 1607 habebat
949 1549 980 1605 in
1002 1550 1104 1606 animo
1125 1567 1223 1622 neque

171 1649 275 1704 hostes
290 1647 473 1704 transituros
493 1648 700 1704 existimabat.
745 1647 926 1722 Augebatur
948 1647 1127 1703 auxiliorum
1149 1664 1223 1720 quo-

171 1745 245 1802 tidie
268 1763 349 1818 spes.
393 1745 541 1818 Loquitur
563 1745 591 1800 in
615 1744 744 1802 consilio
773 1744 884 1819 palam,
908 1744 1052 1818 quoniam
1077 1743 1223 1802 Germani

171 1843 416 1916 appropinquare
439 1843 588 1914 dicantur,
610 1859 678 1898 sese
702 1859 775 1898 suas
795 1840 1008 1915 exercitusque
1031 1843 1170 1898 fortunas
1192 1842 1223 1898 in

171 1940 296 1996 dubium
318 1957 379 1996 non
400 1940 621 1997 devocaturum
644 1944 676 1996 et
700 1947 824 2013 postero
846 1940 894 1996 die
916 1939 1012 2012 prima
1034 1939 1100 1995 luce
1121 1945 1224 1996 castra

171 2043 335 2094 moturum.
380 2035 525 2094 Celeriter
541 2038 616 2094 haec
629 2038 669 2094 ad
684 2039 789 2094 hostes
804 2037 995 2106 deferuntur,
1009 2044 1043 2093 ut
1057 2055 1096 2092 ex
1111 2053 1223 2112 magno

172 2133 331 2193 Gallorum
355 2134 490 2208 equitum
512 2153 638 2192 numero
662 2134 826 2192 nonnullos
855 2133 982 2193 Gallicis
1005 2134 1096 2191 rebus
1118 2135 1222 2193 favere

171 2239 282 2290 natura
296 2233 436 2308 cogebat,
481 2232 634 2290 Labienus
649 2237 752 2302 noctu,
771 2232 899 2289 tribunis
914 2232 1042 2289 militum
1059 2232 1222 2306 primisque

171 2331 330 2387 ordinibus
351 2330 540 2398 convocatis,
557 2330 630 2403 quid
653 2330 701 2386 sui
725 2330 765 2388 sit
787 2330 917 2399 consilii,
933 2330 1087 2404 proponit,
1112 2335 1143 2387 et
1162 2347 1223 2403 quo

172 2428 294 2485 facilius
316 2428 455 2484 hostibus
479 2428 595 2484 timoris
616 2428 670 2485 det
684 2427 899 2501 suspicionem,
916 2429 1032 2501 majore
1048 2428 1176 2501 strepitu
1192 2434 1224 2485 et

172 2524 314 2597 tumultu,
330 2543 420 2597 quam
438 2525 541 2598 populi
555 2525 685 2581 Romani
700 2526 763 2581 fert
777 2526 978 2594 consuetudo,
992 2530 1093 2581 eastra
1107 2526 1222 2581 moveri

168 2623 266 2696 jubet.
311 2622 370 2678 His
386 2623 476 2679 rebus
491 2623 583 2697 fugae
599 2622 729 2678 similem
750 2623 970 2696 prosectionem
991 2622 1092 2679 efficit.
1137 2621 1223 2679 Haeo

171 2737 291 2793 quoque
314 2738 367 2793 per
391 2720 601 2792 exploratores
623 2724 694 2775 ante
717 2719 814 2776 lucem
834 2719 866 2775 in
888 2723 975 2776 tanta
996 2718 1222 2793 propinquitate

173 2822 341 2873 castrorum
356 2817 395 2873 ad
411 2817 515 2873 hostes
531 2816 723 2873 deferuntur.

242 3058 291 3113 45.
321 3058 443 3115 AEnsns
465 3075 492 3114 rs
514 3074 650 3114 chaman
672 3075 748 3115 rnsr
768 3075 830 3115 rna
852 3058 969 3115 Isanun
991 3076 1030 3115 or
1052 3057 1159 3116 Omen.

252 3204 424 3277 Adspirant
437 3222 529 3261 aurae
545 3204 574 3259 in
591 3208 711 3261 noctem
726 3222 782 3261 nec
797 3205 928 3261 candida
943 3223 1049 3262 cursus

253 3300 340 3356 Luna
354 3306 458 3376 negat,
475 3301 617 3375 splendet
631 3301 760 3358 tremulo
776 3302 833 3358 sub
847 3301 959 3359 lumine
975 3308 1097 3375 pontus.

252 3398 397 3454 Proxima
411 3396 554 3455 Circaeae
570 3399 719 3455 raduntur
732 3398 822 3455 litora
837 3404 947 3469 terrae,

252 3496 338 3553 dives
352 3496 526 3553 inaccessos
541 3496 593 3553 ubi
609 3495 688 3554 Solis
700 3496 762 3553 filia
777 3496 861 3554 lucos

253 3594 381 3651 adsiduo
395 3599 520 3651 resonat
534 3599 625 3653 cantu
642 3594 791 3667 tectisque
810 3594 949 3667 superbis

252 3691 311 3748 urit
326 3692 484 3748 odoratam
500 3698 649 3749 nocturna
663 3693 694 3749 in
709 3692 823 3748 lumina
838 3692 972 3759 cedrum,

252 3793 362 3864 arguto
376 3790 477 3846 tenuis
492 3807 672 3864 percurrens
689 3790 809 3863 pectine
824 3789 912 3845 telas.
