2817 4300
536 382 703 446 vuscm’s
728 399 862 445 mrum.
1184 384 1223 448 91

211 587 378 644 Pandoram
392 588 455 644 aad
473 587 575 644 Bitias
589 604 664 660 open
679 587 725 642 the
742 593 808 661 pote
823 587 862 658 os
875 585 968 642 which
985 585 1052 660 they
1065 603 1118 643 are
1137 587 1183 644 the

609 684 789 758 quantinus.

286 799 446 855 Pandarus
461 803 492 855 et
506 798 616 867 Bitias,
633 797 728 853 Idaeo
742 796 895 854 Alcanore
912 797 998 867 creti,

246 912 323 968 quos
338 896 421 952 lovis
436 893 559 952 ¹ednxit
573 894 641 952 luco
657 893 808 951 silvestris
823 894 912 950 Iaera

246 993 397 1050 abietibus
411 993 558 1049 *iuvenes
573 991 680 1066 patriis
695 997 728 1048 et
742 991 897 1048 montibus
912 1009 1036 1065 aequos,

246 1071 377 1157 portam,
394 1101 471 1156 quae
486 1084 572 1140 ducis
587 1083 715 1158 imperio
730 1083 903 1152 commissa,
919 1082 1089 1155 recludunt,

245 1182 318 1239 freti
332 1181 453 1252 animia,
470 1181 610 1254 ultroque
625 1181 758 1238 invitant
773 1181 932 1237 moenibus
948 1181 1077 1238 hostem.

245 1280 310 1353 Ipsi
324 1280 406 1336 intus
420 1280 532 1336 dextra
547 1296 582 1336 ac
597 1278 686 1336 laeva
700 1295 756 1353 pro
770 1278 904 1335 turribus
920 1278 1056 1349 adstant,

245 1377 353 1434 armati
367 1377 450 1434 ferro
465 1381 496 1433 ct
509 1367 627 1434 ²cristis
642 1375 746 1449 capita
761 1375 824 1433 alta
839 1375 974 1433 corusci:

244 1475 349 1547 quales
363 1471 478 1531 ³ahriae
493 1474 640 1548 liquentia
654 1474 779 1531 flumina
794 1473 918 1541 circum,

243 1574 308 1628 sive
322 1572 400 1628 Padi
414 1571 487 1645 ripis
501 1571 645 1628 Athesim
660 1564 714 1628 seu
729 1577 854 1646 propter
867 1567 1055 1640 ⁴amoenum,

244 1665 432 1745 consurgunt
445 1670 585 1745 geminae
599 1685 728 1742 quercus
744 1669 926 1741 intonsaque
942 1667 1027 1725 caelo

142 1817 144 1821 ,
243 1767 388 1824 attollunt
401 1767 504 1840 capita
518 1771 549 1823 et
564 1765 685 1822 sublimi
699 1766 813 1823 vertice
829 1771 949 1822 nutant.

242 1865 426 1938 Inrumpunt
441 1864 542 1921 aditus
556 1864 663 1921 Rutuli
676 1868 712 1920 ut
726 1863 830 1945 videre
845 1864 979 1937 patentis

243 1963 387 2019 continuo
401 1961 557 2034 Quercens
572 1967 603 2018 et
617 1961 744 2034 pulcher
756 1961 927 2034 Aquiculus
942 1961 1033 2018 armis

242 2063 274 2116 et
289 2078 434 2134 praeceps
449 2060 543 2116 animi
557 2058 687 2115 Tmarus
702 2064 734 2115 et
748 2059 920 2116 Mavortius
935 2059 1075 2115 Haemon
1162 2065 1219 2116 685

243 2158 414 2233 agminibus
430 2158 521 2215 totis:
545 2161 578 2214 at
591 2157 671 2215 versi
687 2163 775 2233 terga
789 2157 901 2214 dedcrc

243 2260 295 2312 aut
308 2256 377 2329 ipso
391 2261 497 2330 portae
513 2273 641 2329 posuere
657 2254 687 2311 in
703 2254 806 2311 limine
821 2254 927 2312 vitam.

242 2352 321 2409 Tum
335 2352 433 2428 magis
448 2352 623 2410 increscunt
636 2352 747 2408 animis
762 2352 955 2409 discordibus
970 2352 1032 2408 irae
1045 2370 1051 2421 ;

242 2455 274 2507 et
287 2450 345 2505 iam
361 2449 482 2507 collecti
497 2449 594 2506 Troes
608 2446 619 2479 ⁵
624 2450 833 2524 glomerantur
847 2450 953 2505 eodem

242 2551 275 2604 et
288 2548 425 2604 conferre
441 2564 563 2603 manum
579 2552 610 2603 et
624 2563 800 2620 procurrere
815 2546 936 2621 longius
952 2547 1076 2604 audent.
1161 2554 1219 2604 690

263 2724 385 2780 Turnus
399 2724 489 2780 hears
503 2725 542 2796 os
556 2724 602 2780 the
617 2740 692 2796 open
707 2730 786 2798 pate,
804 2725 866 2780 aad
881 2724 985 2780 rushes
999 2723 1117 2780 thither.

280 2838 409 2895 Ductori
423 2838 528 2894 Turno
542 2838 665 2895 diversa
679 2838 710 2893 in
723 2822 811 2912 parte
827 2838 942 2895 furenti

241 2935 435 3009 turbantique
451 2935 533 2993 viros
548 2936 701 3009 perfertur
717 2935 852 3004 nuntius,
868 2930 1004 2992 6hostem

241 3033 360 3089 fervere
376 3032 468 3089 cacde
483 3048 564 3089 nova
578 3036 609 3089 et
623 3040 728 3106 portas
745 3033 889 3106 praebere
905 3032 1050 3106 patentis.

341 3177 374 3225 A.
397 3177 515 3227 Juvenes
528 3192 625 3239 aequos
638 3178 731 3239 patriis
744 3179 875 3226 abietibus
888 3183 914 3225 et
926 3178 1067 3226 montibus.

210 3311 220 3344 1
232 3312 332 3371 eduxit,
345 3309 441 3375 hrouyht
453 3326 492 3374 up.

209 3393 221 3426 2
231 3394 325 3453 cristis,
335 3392 438 3457 plumes,
450 3400 531 3441 creste.

209 3476 326 3536 latriae,
338 3484 390 3536 etc,
401 3482 498 3523 connect
509 3474 564 3523 with
576 3473 614 3522 the
626 3473 706 3523 clause
719 3474 744 3523 in
757 3473 804 3523 line
816 3474 872 3523 681.

208 3558 219 3592 ⁴
231 3574 381 3617 amoenum,
391 3556 514 3622 pleasant.

208 3641 220 3674 ⁵
232 3643 420 3705 glomerantur,
432 3657 487 3706 syn.
499 3641 648 3700 convenire,
661 3642 739 3700 coire,
752 3641 915 3692 contrahere.

208 3724 219 3757 ⁶
231 3726 335 3774 hostem
348 3763 353 3774 .
367 3762 373 3773 .
387 3761 392 3773 .
404 3724 527 3785 patentis.
562 3728 591 3772 “.
605 3760 610 3771 .
624 3760 629 3770 .
635 3723 738 3786 flnshed
750 3723 805 3771 with
823 3722 891 3771 blood
909 3740 959 3771 new
970 3722 1036 3783 sled,
1052 3720 1103 3771 The
1119 3740 1174 3773 eona
1192 3725 1224 3790 cp*

172 3807 322 3873 Thoyforpet
334 3804 395 3854 their
406 3803 481 3865 dead,
493 3802 555 3853 And
566 3804 629 3853 wide
641 3803 702 3852 their
712 3813 781 3869 pates
794 3804 1139 3869 display.’'—Cou1uer0u.
