2817 4300
204 352 267 417 220
386 369 603 418 sunncrrors
625 371 727 417 naon
751 371 863 418 narni
886 371 1065 422 aurnuns

203 539 319 597 auxilia
341 541 380 598 ab
404 541 551 598 Romanis
576 541 721 614 petierint
746 559 841 615 eaque
869 541 1072 615 impetrarint.
1117 541 1179 601 Sed
1202 561 1257 602 ex·

203 643 311 708 tremo,
335 655 404 695 cum
423 655 518 711 prope
539 639 603 710 jam
624 639 664 694 ad
684 639 929 712 desperationem
950 640 1174 713 pervenissent,
1191 642 1257 698 Ha-

202 735 355 793 milcarem
371 735 584 808 imperatorem
598 736 749 793 fecerunt.
786 736 819 793 Is
831 754 892 792 non
905 737 1003 794 solum
1017 737 1123 794 hostes
1133 757 1151 794 a
1161 740 1257 795 muris

202 832 403 908 Karthaginis
416 833 557 902 removit,
574 850 643 890 cum
663 833 794 906 amplius
810 839 933 891 centum
954 835 1036 890 milia
1051 835 1136 893 facta
1151 843 1258 893 essent

202 935 399 1000 armatorum,
430 930 486 987 aed
513 929 606 987 etiam
633 947 670 987 eo
697 931 855 1003 compulit,
881 936 916 989 ut
940 930 1075 990 locorum
1102 934 1256 1009 angustiis

202 1027 298 1083 clausi
325 1027 428 1100 plures
453 1027 535 1084 fame
563 1044 656 1100 quam
680 1028 761 1084 ferro
789 1027 957 1086 interirent.
1001 1026 1113 1086 Omnia
1141 1031 1256 1103 oppida

202 1124 386 1194 abalienata,
416 1124 447 1181 in
475 1124 523 1181 his
550 1124 674 1183 Uticam
709 1129 800 1198 atque
829 1126 1014 1199 Hipponem,
1044 1127 1257 1184 valentissima

175 1272 179 1280 .
202 1221 297 1278 totius
318 1221 457 1291 Africae,
482 1222 617 1279 restituit
639 1223 766 1295 patriae.
811 1223 919 1296 Neque
940 1241 977 1280 eo
998 1223 1059 1280 suit
1077 1229 1253 1294 contentus,

201 1319 256 1376 sed
271 1319 364 1376 etiam
377 1321 454 1376 fines
469 1319 585 1392 imperii
607 1319 801 1395 propagavit,
818 1324 883 1377 tota
903 1320 1010 1377 Africa
1024 1325 1144 1377 tantum
1158 1321 1256 1378 otium

201 1416 344 1487 reddidit,
362 1423 396 1473 ut
410 1416 525 1473 nullum
539 1416 571 1472 in
585 1434 622 1473 ea
636 1416 749 1474 bellum
760 1417 914 1475 videretur
924 1417 1026 1474 multis
1042 1419 1131 1476 annis
1142 1419 1253 1476 fuisse.

242 1513 347 1570 Rebus
361 1513 409 1570 liis
423 1531 462 1570 ex
477 1514 630 1570 sententia
644 1514 776 1587 peractis
792 1515 897 1572 fidenti
912 1515 1013 1572 animo
1028 1521 1119 1588 atque
1139 1516 1255 1572 infesto

201 1609 359 1680 Romanis,
376 1628 437 1684 quo
459 1611 580 1667 facilius
602 1628 727 1667 causam
748 1611 882 1668 bellandi
903 1613 1059 1685 reperiret,
1083 1614 1196 1682 effecit,
1221 1618 1256 1670 ut

201 1707 366 1782 imperator
377 1725 445 1765 curn
457 1708 593 1764 exercitu
609 1708 639 1763 in
654 1709 839 1782 Hispaniam
850 1709 1030 1778 mitteretur,
1044 1727 1141 1782 eoque
1150 1727 1255 1767 secum

201 1804 291 1861 duxit
310 1805 405 1862 filiurn
425 1805 632 1862 Hannibalem
656 1823 805 1862 annorum
830 1824 950 1862 novem.
994 1807 1071 1863 Erat
1095 1813 1256 1880 praeterea

201 1919 270 1959 cum
291 1920 329 1960 eo
353 1902 533 1960 adulescens
557 1902 695 1972 illustris,
713 1904 878 1972 formosus,
895 1903 1082 1960 Hasdrubal.
1126 1904 1174 1961 De
1195 1905 1255 1962 hoc

201 1999 270 2055 ideo
284 1999 469 2056 mentionem
484 1999 625 2069 fecimus,
641 2000 723 2073 quod
739 1999 913 2058 Hamilcare
925 2001 1027 2058 occiso
1042 2000 1091 2056 ille
1106 2001 1255 2058 exercitui

200 2097 336 2170 praefuit
348 2114 457 2170 resque
472 2113 601 2171 magnas
614 2097 723 2172 gessit,
741 2103 772 2163 et
785 2097 927 2171 princeps
941 2097 1102 2173 largitione
1114 2102 1254 2155 vetustos

201 2194 348 2267 pervertit
368 2211 468 2251 mores
489 2194 804 2269 Karthaginiensium,
822 2195 1018 2268 ejusdemque
1039 2200 1254 2268 postmortem

201 2289 358 2347 Hannibal
373 2292 412 2348 ab
427 2291 564 2347 exercitu
578 2292 697 2364 accepit
711 2292 880 2364 imperium.

240 2388 286 2444 At
307 2388 473 2457 Hamilcar,
490 2393 691 2461 posteaquam
713 2406 795 2445 mare
816 2388 938 2446 transiit
959 2388 989 2445 in
1011 2390 1254 2463 Hispaniamque

201 2484 297 2553 venit,
313 2503 441 2560 magnas
456 2502 505 2541 res
521 2486 655 2542 secunda
676 2486 774 2561 gessit
795 2486 935 2543 fortuna:
958 2487 1109 2544 maximas
1131 2486 1254 2545 bellico-

200 2581 398 2654 sissimasque
413 2587 521 2657 gentes
536 2582 669 2657 subegit,
686 2583 783 2656 equis,
798 2583 901 2652 armis,
914 2584 999 2654 viria,
1015 2584 1145 2656 pecunia
1156 2589 1255 2641 totam

201 2679 398 2752 locupletavit
424 2679 575 2735 Africam.
620 2679 681 2737 Hic
706 2698 774 2737 cum
796 2680 834 2737 'in
862 2680 984 2737 Italiam
1005 2680 1117 2737 bellum
1138 2674 1254 2739 inferre

200 2776 395 2845 mediaretur,
412 2793 493 2833 nono
515 2794 595 2833 anno
616 2782 780 2850 postquam
801 2776 832 2833 in
856 2778 1039 2851 Hispaniam
1061 2783 1197 2849 venerat,
1222 2779 1255 2835 in

199 2873 315 2947 proelio
329 2891 470 2949 pugnans
486 2875 632 2930 adversus
647 2873 797 2931 Vettones
818 2875 937 2932 occisus
959 2880 1016 2932 est.
1061 2876 1163 2948 Hujus
1185 2893 1254 2949 per-

199 2978 324 3043 petuum
357 2970 460 3026 odium
488 2988 561 3045 erga
588 2970 744 3027 Romanos
772 2972 904 3029 maxime
933 2972 1103 3030 concitasse
1132 2972 1255 3030 videtur

200 3068 366 3125 secundum
380 3066 491 3124 bellurn
505 3068 681 3125 Poenicum.
726 3067 866 3141 Namque
884 3070 1052 3140 Hannibal,
1068 3069 1149 3127 filius
1170 3070 1252 3143 ejus,

200 3164 332 3221 assiduis
354 3164 451 3238 patris
472 3163 731 3222 obtestationibus
753 3182 789 3221 eo
811 3171 859 3223 est
877 3166 1053 3239 perductus,
1072 3172 1106 3223 ut
1128 3167 1253 3224 interire

199 3279 292 3336 quarn
306 3261 461 3318 Romanos
475 3279 537 3318 non
552 3262 682 3334 experiri
698 3261 813 3319 mallet.

242 3429 310 3484 112.
340 3428 522 3485 Evaunnn's
544 3428 725 3485 Rncnemon
746 3445 785 3485 or
806 3446 867 3485 run
889 3430 979 3487 Bonr
1000 3448 1039 3488 or
1060 3446 1112 3485 rus
1135 3429 1210 3487 Son.

319 3558 361 3614 Et
375 3559 439 3631 jam
453 3558 549 3614 Fama
561 3558 682 3628 volans,
699 3558 777 3615 tanti
792 3560 974 3632 praenuntia
988 3559 1098 3629 luctus,

279 3702 282 3707 ,
320 3655 497 3711 Evandrum
511 3656 708 3729 Evandrique
723 3656 829 3712 domos
846 3660 876 3712 et
891 3656 1011 3713 moenia
1025 3656 1132 3729 replet,

320 3768 398 3822 quae
412 3752 504 3807 modo
518 3751 664 3807 victorem
677 3753 766 3809 Latio
780 3752 922 3809 Pallanta
936 3754 1065 3810 ferebat.
