2817 4300
557 369 722 434 vuaem's
745 386 879 432 mnam.
1201 369 1243 434 89

267 557 425 632 ‘Iuppiter
438 557 643 631 omnipotens,
660 557 829 614 audacibus
844 557 943 614 adnue
958 557 1085 631 coeptis.
1183 563 1241 613 625

265 655 337 729 Ipse
352 653 407 711 tibi
422 655 461 710 ad
476 661 529 711 tua
544 653 657 727 templa
670 655 768 710 feram
784 653 942 710 sollemnia
956 653 1038 710 dona

265 756 297 808 et
310 756 443 808 statuam
458 757 529 808 ante
544 769 613 807 aras
628 757 736 808 aurata
751 751 852 808 fronte
868 751 1026 808 iuvencum

264 850 444 906 candentem
458 849 630 924 pariterque
645 845 755 923 ¹caput
768 866 837 908 cum
853 854 948 906 matre
964 849 1124 920 ferentem,

264 947 324 1003 iam
339 964 433 1004 cornu
447 951 533 1021 petat
546 953 578 1003 et
592 947 722 1020 pedibus
736 947 788 1020 qui
803 953 930 1024 spargat
945 949 1110 1005 harenam.'

264 1044 373 1102 Audiit
387 1050 419 1102 et
433 1044 509 1102 caeli
524 1043 653 1103 Genitor
668 1046 706 1102 de
722 1051 809 1119 parte
825 1063 933 1103 serena
1181 1053 1239 1104 630

264 1141 398 1200 intonuit
410 1138 557 1213 ²laevum‚
575 1149 666 1200 sonat
680 1161 742 1200 uua
755 1142 879 1200 3fatifer
893 1161 1000 1201 arcus:

264 1240 369 1315 effugit
383 1241 566 1298 horrendum
582 1242 715 1298 stridens
730 1242 863 1299 adducta
878 1242 992 1318 sagitta

264 1355 375 1412 perque
390 1346 484 1413 caput
497 1340 618 1397 Remuli
633 1341 718 1397 venit
732 1346 763 1398 et
778 1359 853 1400 cava
868 1347 1006 1416 tempora
1020 1343 1103 1400 ferro

257 1429 374 1494 'traicit
421 1437 468 1506 ‘I‚
486 1438 586 1495 verbis
602 1438 745 1496 virtutem
761 1439 863 1496 inlude
877 1440 1035 1513 superbis!

262 1533 321 1589 His
336 1534 418 1607 capti
432 1535 571 1610 Phryges
587 1536 661 1594 haec
676 1536 798 1594 Rutulis
812 1555 960 1610 responsa
975 1537 1155 1594 remittunt'
1179 1544 1237 1594 635

262 1630 331 1688 Hoc
345 1636 465 1688 tantum
479 1633 645 1689 Ascanius.
688 1634 798 1691 Teucri
813 1634 944 1692 clamore
959 1639 1127 1706 sequuntur

263 1726 439 1801 laetitiaque
454 1729 589 1786 fremunt
603 1729 781 1804 animosque
797 1732 837 1788 ad
851 1732 952 1789 sidera
966 1731 1087 1789 tollunt.

436 1888 498 1946 tue
505 1891 601 1962 favor
614 1892 678 1948 aad
691 1894 808 1966 corniaq
823 1894 861 1965 os
868 1890 987 1965 Apollo.

262 2002 409 2059 Aetheria
422 2008 487 2060 tum
502 2005 583 2061 forte
598 2005 690 2081 plaga
702 2003 847 2064 ⁴crinitus
862 2006 976 2081 Apollo

261 2100 392 2176 desuper
406 2101 562 2160 Ausonias
577 2104 659 2161 acies
673 2104 838 2179 urbemque
854 2105 990 2176 videbat,

262 2200 341 2256 nube
356 2200 477 2269 sedens,
495 2206 586 2274 atque
601 2202 648 2258 his
663 2202 811 2260 victorem
826 2203 950 2260 adfatur
964 2203 1081 2260 Iulum:
1179 2211 1237 2262 640

263 2292 401 2354 ‘⁵Macte
416 2315 497 2354 nova
511 2298 635 2366 virtute,
651 2316 745 2372 puer:
769 2300 812 2357 sic
828 2300 888 2358 itur
903 2301 942 2357 ad
957 2306 1051 2371 astra,

262 2392 308 2450 dis
322 2394 424 2469 genite
440 2400 470 2451 et
484 2396 623 2471 geniture
637 2397 724 2453 deos
769 2397 839 2454 Iure
854 2398 956 2454 omnia
970 2397 1051 2455 bella

260 2496 352 2567 gente
367 2492 424 2549 sub
439 2492 587 2550 Assaraci
602 2495 669 2550 fato
682 2500 812 2551 ventura
827 2495 973 2565 resident,

260 2582 331 2645 ⁶nec
345 2592 376 2645 te
391 2589 484 2646 Troia
499 2590 605 2665 capit!
647 2590 743 2649 Simul
758 2592 833 2649 haec
848 2594 958 2649 effatus
973 2593 1011 2650 ab
1026 2592 1089 2651 alto

261 2686 382 2743 aethere
398 2704 431 2744 se
445 2687 539 2758 misit,
557 2688 701 2762 spirantis
717 2689 853 2747 dimovet
867 2707 957 2747 auras
1179 2698 1236 2748 645

260 2782 487 2857 Ascaniumque
503 2785 591 2858 petit.
635 2786 747 2843 Forma
761 2792 826 2844 tum
841 2788 969 2845 vertitur
982 2788 1043 2844 oris

261 2881 418 2954 antiquum
433 2882 464 2938 in
479 2882 598 2952 Buten3
621 2884 670 2941 hic
684 2884 843 2942 Dardanio
857 2884 1013 2942 Anchisae

261 2978 391 3054 armiger
405 2984 476 3036 ante
493 2980 552 3037 fuit
566 2981 704 3054 fidusque
720 2983 760 3038 ad
773 2982 879 3039 limina
894 2986 1007 3053 custos,

205 3166 209 3173 ·
229 3132 330 3197 ¹caput
353 3150 414 3184 cum
437 3143 521 3185 matre
538 3136 669 3186 ferentem
682 3159 706 3181 =
720 3138 859 3199 aequalem
882 3138 968 3198 matri,
986 3138 1042 3201 jam
1066 3138 1194 3188 adultum.
1207 3166 1235 3175 -

187 3216 297 3267 Harum.

230 3298 366 3360 ²laevum,
379 3318 396 3349 α
401 3300 532 3365 favorable
541 3318 659 3366 response.

229 3380 354 3443 ³fatiter,
366 3384 398 3448 cf.
410 3384 499 3434 fatum
510 3384 563 3433 and
579 3385 644 3434 sero.

229 3464 370 3518 ‘crinitus
405 3466 482 3527 Quod
501 3468 564 3517 solis
582 3468 650 3517 radii
673 3468 807 3530 quandam
825 3469 983 3531 capillorum
1005 3469 1119 3531 speciem
1137 3469 1235 3519 referre

186 3548 548 3599 videantur-Thomna.
913 3553 917 3561 '

228 3629 240 3664 ⁶
251 3639 345 3693 macte,
358 3632 426 3681 cleer
437 3650 478 3698 up.

228 3713 300 3763 ⁶nec
312 3721 339 3765 te
356 3716 437 3764 Troia
453 3717 532 3779 capit.
567 3715 649 3765 “Nor
666 3733 779 3782 mayour
795 3733 891 3766 narrow
913 3718 976 3783 Troy
989 3719 1093 3778 contain,
1111 3718 1159 3768 Tle
1176 3736 1237 3768 com-

189 3811 251 3861 pute
262 3797 294 3861 os
304 3813 331 3845 so
340 3796 423 3863 prend
434 3814 451 3846 a
462 3798 770 3863 reiqn.’'—Conmerorr.
