2817 4300
532 363 698 426 vnaem’a
722 380 858 426 mrum.
1104 356 1114 367 '
1177 363 1218 426 83

246 551 358 609 ‘Hunc
371 569 429 627 ego
442 556 485 620 te,
502 549 646 626 Euryale,
664 549 801 624 aspicio?
842 549 929 608 Tune
944 550 996 607 illa
1010 555 1153 609 senectae

246 667 314 705 sera
328 666 413 705 meae
426 649 559 720 requies,
575 647 703 722 potuisti
719 647 854 720 linquere
869 647 977 718 solam,

245 745 395 805 crudelis?
435 746 524 803 ‘Nec
537 750 579 815 te,
597 745 654 802 sub
668 750 757 802 tanta
770 745 904 819 pericula
918 745 1055 817 missum,

246 843 344 900 adfari
357 849 528 900 extremum
541 843 670 899 miserae
685 843 759 899 data
774 843 861 917 copia
877 843 986 900 matri?

244 940 326 1010 Heu,
343 945 424 997 terra
438 941 545 1016 ignota
559 940 687 997 canibus
701 941 774 998 data
789 941 903 1015 praeda
918 941 1035 998 Latinis
1161 949 1218 999 ⁴85

243 1036 253 1068 '¹
261 1038 442 1112 alitibusque
458 1039 549 1109 iaces,
566 1042 680 1108 necte,
696 1043 749 1094 tua
765 1039 874 1095 funera
889 1043 985 1096 mater

246 1137 377 1210 produxi
391 1137 526 1210 pressive
540 1135 645 1192 oculos
660 1140 714 1192 aut
729 1136 853 1193 volnera
867 1135 940 1206 lavi,

246 1240 333 1292 veste
347 1239 466 1310 tegens,
483 1233 539 1291 tibi
553 1251 645 1306 quam
659 1238 766 1311 noctes
780 1231 912 1291 ²festina
926 1235 1051 1308 diesque

245 1332 392 1407 urgebam
406 1336 437 1388 et
451 1330 513 1388 tela
526 1349 615 1388 curas
630 1331 753 1388 solabar
765 1328 882 1388 ὃ11111111.

248 1429 315 1503 Quo
330 1447 450 1502 sequar,
466 1434 521 1486 aut
533 1445 611 1502 quae
626 1447 707 1486 nunc
719 1435 803 1486 artus
819 1429 983 1504 avolsaque
998 1430 1133 1486 membra
1161 1435 1220 1486 400

247 1532 280 1584 et
292 1527 385 1583 funus
399 1525 532 1582 lacerum
546 1525 636 1583 tellus
650 1525 763 1583 habet?
805 1527 873 1584 Hoc
887 1527 961 1583 mihi
975 1527 1013 1584 de
1030 1532 1070 1594 tc,

248 1630 330 1694 nate,
346 1621 464 1680 refers?
504 1622 575 1680 Hoc
589 1640 657 1679 sum
670 1628 811 1697 terraque
826 1624 960 1697 marique
976 1621 1100 1681 secuta?

247 1718 361 1796 4Figite
376 1739 435 1789 me,
452 1720 541 1794 siqua
554 1725 603 1778 est
617 1721 728 1794 pietas,
745 1721 776 1777 in
791 1739 838 1778 me
853 1722 955 1779 omnia
970 1721 1030 1778 tela

248 1819 388 1888 conicite,
405 1836 425 1876 o
439 1818 556 1886 Rutuli,
572 1836 621 1874 me
636 1819 764 1892 primam
780 1819 929 1875 absumite
945 1819 1046 1876 ferro:

249 1922 302 1974 aut
314 1920 359 1986 tu,
376 1933 485 1991 magne
499 1921 587 1990 pater
601 1916 714 1987 divom,
732 1916 873 1974 miserere
889 1927 1000 1990 tuoque
1163 1921 1220 1971 495

206 2078 211 2083 .
248 2013 378 2071 invisum
393 2014 450 2072 hoc
463 2010 607 2071 ⁵detrude
622 2021 715 2088 caput
729 2015 786 2071 sub
800 2015 930 2071 Tartara
945 2014 1017 2083 telo,

249 2112 369 2187 quando
384 2111 472 2169 aliter
486 2129 604 2186 nequeo
618 2111 771 2170 crudelem
786 2112 964 2187 abrumpere
979 2110 1098 2169 vitam'

248 2209 317 2267 Hoc
331 2211 403 2268 fletu
417 2210 557 2267 concussi
572 2210 675 2280 animi,
692 2216 887 2283 maestusque
901 2228 955 2285 per
970 2211 1068 2267 omnis

248 2307 273 2364 it
287 2308 434 2383 gemitus:
457 2312 581 2381 torpent
594 2308 745 2365 infractae
761 2308 801 2365 ad
815 2308 930 2383 proelia
945 2308 1035 2365 vires

248 2404 336 2460 Illam
350 2400 578 2461 ⁰incendentem
593 2405 693 2463 luctus
707 2406 820 2463 Idaeus
835 2411 866 2463 et
880 2408 978 2463 Actor
1164 2411 1222 2461 500

248 2502 367 2559 Illionei
381 2502 497 2559 monitu
512 2507 543 2559 et
555 2499 699 2559 ⁷multum
713 2502 899 2560 lacrimantis
914 2504 974 2560 Iuli

249 2598 415 2672 corripiunt
428 2598 567 2671 interque
581 2616 690 2655 manus
706 2599 762 2656 sub
777 2604 859 2657 tecta
873 2606 1035 2673 reponunt.

274 2819 334 2876 The
350 2822 483 2877 educare
498 2822 537 2893 of
549 2820 596 2877 the
613 2822 778 2881 Volscique.
828 2822 887 2879 The
902 2830 1103 2897 enquqemcut.

289 2933 332 2991 At
346 2934 421 2990 tuba
435 2934 600 2992 terribilem
615 2935 748 2992 sonitum
764 2935 868 3010 procul
883 2954 952 2993 aere
967 2954 1080 2994 canoro

249 3030 415 3103 increpuit,
438 3031 574 3105 sequitur
589 3032 702 3090 clamor
717 3033 892 3107 caelumque
906 3034 1047 3109 remugit.

218 3169 251 3218 A.
274 3170 329 3217 Nec
347 3170 423 3231 copia
441 3170 504 3217 data
520 3178 555 3217 est
572 3171 683 3219 miserae
701 3172 780 3219 matri
798 3171 885 3219 adfari
903 3178 1049 3221 extremum
1068 3180 1102 3232 te,
1114 3174 1224 3221 missum

174 3248 224 3294 sub
237 3251 311 3293 011101
322 3246 447 3307 pericula.
1123 3237 1134 3245 '

285 3377 293 3407 ¹
306 3379 422 3438 alit-ibus,
435 3378 509 3429 birds.
595 3378 723 3439 2festina,
735 3397 788 3445 syn.
801 3379 863 3440 aler,
875 3380 990 3442 rapidus,
1003 3379 1089 3428 velox.

284 3460 295 3494 ⁸
306 3463 384 3511 anilis
399 3461 488 3526 (adj.),
500 3462 533 3526 cf.
545 3478 578 3509 an
590 3460 632 3510 old
644 3479 743 3513 woman.

284 3544 295 3578 4
307 3545 388 3607 figite,
398 3545 488 3608 pierce.

284 3626 296 3661 ⁵
307 3628 425 3687 detrude,
437 3627 514 3677 thrust
528 3627 595 3692 (witi
607 3627 731 3694 violence).

283 3709 488 3760 ⁶incendentem
501 3712 590 3759 luctus
602 3734 626 3753 =
639 3712 793 3761 incitantem
805 3712 907 3761 animos
920 3710 954 3760 ad
965 3710 1118 3773 lugendum.

283 3790 426 3855 'multum
438 3792 496 3843 adv.
509 3793 645 3859 modiffinq
658 3794 829 3843 lacrimantis.
