2817 4300
498 396 659 460 cronno’s
682 413 858 459 nersmns.
909 457 913 463 ,
1158 399 1200 460 63

147 589 237 642 tuum
252 585 412 658 judicium,
429 584 544 657 tibique
560 600 665 640 omnes
686 583 784 639 fortes
798 581 855 639 viri
876 578 1005 640 ¹navare
1023 601 1147 657 operam

148 687 182 739 et
203 682 339 738 studium
360 681 478 749 volunt,
495 697 551 737 nec
573 679 733 753 qnisquam
753 684 800 736 est
822 679 895 752 quin
915 679 959 736 ita
978 681 1144 749 existimet,

148 797 252 836 meam
263 779 344 852 apud
358 783 388 835 te
401 783 432 835 et
447 779 658 835 auctoritatem
669 783 700 834 et
713 778 844 854 gratiam
855 777 957 834 valere
971 777 1144 851 plurimum.

155 876 205 952 (2)
244 874 304 933 Sed
333 873 368 932 C.
401 876 603 945 Nasennium,
633 872 834 949 ²municipcm
862 875 1061 947 Suessanum,
1091 878 1147 934 tibi

151 974 195 1031 ita
215 973 405 1041 commende,
426 976 461 1029 ut
481 970 651 1030 ⁸neminem
674 972 861 1048 diligentiae.
906 972 1045 1030 Cretensi
1065 973 1148 1030 bello
1183 983 1199 1030 5

150 1071 280 1128 Metello
301 1071 484 1144 imperatore
504 1075 648 1128 octavum
670 1070 838 1143 principem
859 1070 966 1139 duxit3
993 1076 1102 1145 postea
1116 1072 1147 1128 in

152 1188 189 1226 re
199 1168 344 1225 familiari
358 1174 524 1242 occupatus
540 1169 617 1236 fuit3
640 1168 698 1224 hoc
713 1172 849 1240 ternpore
864 1185 931 1224 cum
946 1167 989 1224 rei
1009 1167 1147 1242 publicae

152 1267 301 1340 partibus),
318 1272 382 1324 tum
404 1271 457 1323 tua
476 1264 639 1322 excellenti
657 1259 807 1340 (lignitate
823 1271 992 1322 commotus
1008 1266 1075 1322 volt
1094 1284 1148 1340 per

151 1369 182 1422 te
206 1364 319 1437 aliquid
339 1363 530 1421 auctoritatis
553 1364 722 1420 adsumere.
766 1363 889 1420 Fortem
909 1363 1017 1433 virum,
1041 1364 1146 1434 Brute,

151 1462 210 1519 tibi
232 1463 423 1531 commendo,
443 1458 542 1537 ⁴frugi
565 1460 717 1517 hominem
737 1465 780 1530 et,
799 1460 825 1516 si
849 1461 921 1534 quid
941 1463 979 1518 ad
999 1480 1062 1518 rem
1082 1480 1148 1535 per·
1165 1469 1202 1518 10

152 1561 242 1628 tinet,
259 1560 349 1616 etiam
369 1558 562 1633 locupletem.
606 1559 786 1634 Pergratum
805 1559 877 1614 mihi
897 1560 965 1629 erit,
982 1560 1009 1616 si
1024 1577 1091 1616 eum
1106 1559 1150 1616 ita

152 1657 306 1725 nectaris,
324 1661 358 1713 ut
373 1656 480 1712 merito
495 1661 548 1713 tuo
564 1655 638 1711 mihi
652 1655 769 1730 gratias
784 1673 875 1731 agere
889 1657 998 1730 possit.

196 1851 206 1884 1
219 1866 325 1910 navare,
337 1859 360 1898 to
373 1848 480 1915 display.

195 1932 387 1995 2municipem,
399 1949 432 1980 an
450 1932 584 1981 inhabitant
600 1933 632 1996 of
642 1949 658 1980 a
680 1932 877 1998 (municipium)
891 1935 949 1998 free
967 1942 1045 1993 torum
1067 1951 1084 1982 α
1102 1934 1204 1993 citizen,-

151 2016 206 2065 here
221 2016 414 2080 (Suessanum),
426 2032 442 2062 a
454 2016 537 2064 citizen
550 2017 581 2079 os
593 2014 692 2064 Suessa.

197 2098 208 2130 ³
220 2099 359 2158 neminem,
373 2097 450 2146 direct
461 2099 537 2164 otjeet
549 2099 580 2163 cp*
586 2084 757 2149 commendo(

126 2234 129 2236 ,
196 2182 207 2214 ⁴
219 2181 292 2243 frugi
307 2180 393 2245 (dat),
405 2179 504 2247 wortlp,
516 2180 604 2242 honest,
617 2180 728 2232 discreet.
