2817 4300
563 394 681 439 SHORT
705 394 904 440 EXTRAGTS.

365 583 413 639 74.
444 582 516 638 Tun
537 581 620 638 Lusa
640 581 747 637 N1ar1r
768 597 806 636 or
828 580 912 637 Ovrn
934 599 973 637 Ar
994 582 1097 639 Romu.

288 713 387 786 Quum
403 713 487 770 subit
500 712 581 769 illius
596 712 773 769 tristissima
788 713 887 769 noctis
902 713 1014 788 image,

329 810 413 882 Quae
428 811 501 866 mihi
516 828 691 885 supremum
704 813 826 884 tempus
842 809 873 865 in
887 810 970 867 Urbe
987 811 1057 881 fuit,

288 907 386 980 Quum
402 913 507 982 repeto
522 913 654 978 noctem,
671 925 732 980 qua
747 911 794 963 tot
807 907 880 963 mihi
896 926 966 964 cara
981 907 1099 981 reliqui,

327 1006 455 1062 Labitur
469 1023 509 1062 ex
523 1005 619 1062 oculis
634 1022 716 1061 nunc
730 1022 850 1078 quoque
864 1010 953 1080 gutta
967 1005 1054 1061 meis.

287 1104 307 1160 J
310 1121 358 1160 arn
374 1121 468 1177 prope
483 1103 538 1159 lux
553 1103 670 1172 aderat,
686 1120 748 1176 qua
762 1120 810 1159 rue
825 1103 980 1159 discedere
997 1101 1110 1159 Caesar

327 1201 456 1257 Finibus
469 1205 625 1257 extremae
639 1201 774 1272 jusserat
788 1199 955 1257 Ausoniae.

288 1298 354 1354 Nec
370 1299 502 1372 spatium
518 1298 631 1367 fuerat,
649 1316 704 1354 nec
720 1315 805 1354 mens
821 1297 897 1354 satis
912 1303 985 1372 apta
1000 1299 1146 1372 parandi:

328 1396 522 1470 Torpuerant
535 1394 627 1471 longa
643 1400 768 1468 pectora
783 1399 889 1451 nostra
903 1413 998 1451 mora.

287 1493 332 1551 Ut
346 1498 448 1549 tamen
463 1493 542 1549 hanc
557 1492 651 1548 animi
665 1492 776 1548 nubem
793 1491 878 1548 dolor
893 1492 958 1566 ipse
973 1494 1113 1563 removit,

327 1590 369 1646 Et
383 1590 506 1646 tandem
522 1607 631 1646 sensus
646 1590 828 1646 convaluero
844 1589 913 1658 mei,

287 1686 438 1760 Alloquor
452 1693 623 1742 extremum
638 1691 772 1743 maestos
789 1687 926 1742 abiturus
942 1705 1066 1757 amrcos,

328 1784 386 1857 Qui
401 1785 492 1840 modo
507 1785 545 1842 de
560 1783 664 1840 multis
679 1801 758 1839 unus
775 1789 805 1840 et
820 1783 896 1840 alter
910 1792 1007 1841 erant.

287 1883 375 1940 Uxor
390 1899 495 1939 amans
511 1882 633 1938 flentem
647 1881 723 1937 fiens
739 1881 837 1938 acrius
853 1882 920 1956 ipsa
935 1883 1070 1952 tenebat,

328 1980 428 2036 Imbre
444 1997 499 2054 per
512 1978 654 2054 indignas
669 1996 765 2052 usque
780 1979 908 2036 cadente
923 1999 1029 2054 genas.

288 2077 372 2133 Nata
386 2075 491 2152 procul
506 2075 630 2153 Libycis
645 2076 753 2132 aberat
767 2076 888 2134 diversa
903 2077 1046 2146 subcus,

328 2176 394 2233 Nec
409 2180 530 2250 poterat
544 2174 603 2232 fati
617 2174 729 2232 certior
744 2192 811 2231 esse
826 2174 895 2231 mei.

288 2271 475 2345 Quocunque
490 2272 653 2345 aspiceres,
669 2271 770 2329 luctus
784 2274 975 2348 gemitusque
991 2276 1153 2345 sonabant,

327 2370 498 2443 Formaque
513 2387 573 2426 non
589 2369 676 2427 taciti
690 2369 807 2426 funeris
823 2369 904 2426 intus
919 2376 994 2427 erat.

287 2468 415 2524 Femina
429 2467 536 2541 virque
551 2485 629 2537 meo,
647 2467 733 2541 pueri
747 2484 880 2540 quoque,
897 2468 1004 2524 funere
1020 2476 1174 2526 maerent:

328 2565 425 2637 Inque
441 2564 532 2621 domo
546 2563 687 2621 lacrimas
703 2563 832 2639 angulus
847 2566 945 2620 omnis
960 2565 1063 2623 habet.

503 2778 550 2833 75.
581 2769 652 2833 Tun
673 2778 774 2835 Kruss
796 2794 835 2833 or
855 2777 959 2834 Roma.

248 2909 418 2965 Romanum
448 2908 608 2982 imperium
636 2926 654 2963 a
687 2907 817 2964 Romulo
852 2908 1012 2965 exordium
1046 2910 1156 2979 habet3
1193 2910 1255 2985 qui,

208 3005 342 3062 Vestalis
356 3005 484 3081 virginis
496 3004 574 3060 filius
590 3010 621 3061 et
635 3004 757 3075 Martis,
775 3022 844 3061 curn
859 3005 955 3061 Remo
971 3007 1065 3063 fratre
1086 3025 1146 3063 uno
1168 3013 1257 3081 partu

208 3102 309 3158 editus
330 3107 387 3158 est.
431 3102 475 3171 Is,
499 3101 670 3159 octodecim
692 3119 790 3158 annos
812 3107 914 3172 natus,
935 3103 1041 3159 urbem
1062 3104 1204 3178 exiguam
1226 3105 1256 3161 in

209 3198 351 3255 Palatino
363 3204 467 3256 monte
482 3199 641 3256 constituit
654 3204 728 3272 post
741 3199 854 3272 Trojae
870 3200 1021 3257 excidium
1038 3219 1119 3257 anno
1140 3206 1256 3258 trecen-

209 3295 319 3352 tesimo
354 3297 552 3372 nonagesimo
587 3301 706 3369 quarte.
752 3293 883 3353 Condita
919 3296 1054 3367 civitate,
1092 3316 1183 3371 quarn
1218 3316 1258 3355 ex

209 3394 331 3452 nomine
353 3412 410 3451 suo
431 3394 560 3451 Romam
580 3393 714 3463 vocavit,
738 3394 813 3450 haec
835 3394 899 3451 fere
922 3394 1003 3469 egit:
1033 3395 1257 3452 multitudinem

209 3493 405 3549 finitimorum
432 3492 463 3549 in
499 3492 654 3549 civitatem
688 3491 821 3564 recepit3
856 3496 976 3548 centurn
1013 3511 1052 3549 ex
1088 3492 1258 3549 senioribus

209 3591 312 3666 elegit,
329 3608 456 3665 quorum
472 3590 599 3647 consilio
620 3588 723 3646 omnia
745 3594 859 3663 ageret,
877 3606 953 3662 quos
976 3587 1140 3647 Senatores
1162 3592 1257 3646 nomi-

209 3688 295 3745 navit
322 3693 448 3762 propter
475 3691 670 3752 senectutem.
713 3686 811 3756 Tunc,
841 3704 933 3759 quum
968 3688 1033 3760 ipse
1069 3692 1100 3743 et
1127 3687 1258 3761 populus

209 3802 322 3842 uxores
350 3802 413 3841 non
441 3784 599 3852 haberent,
630 3782 786 3841 invitavit.
802 3783 841 3840 ad
877 3783 1085 3856 spectaculum
1119 3784 1258 3841 ludorum
