2817 4300
536 381 702 445 vunem’s
727 399 861 444 mumn.

227 570 424 644 prodiderim,
440 575 545 627 natam
559 575 591 627 et
604 570 738 627 conubia
753 575 859 626 nostra
874 568 1048 643 petentem?

227 668 359 741 Respice
374 686 423 724 res
437 668 519 724 bello
532 668 653 735 varias,
669 667 812 724 miserere
828 667 962 740 parentis

227 764 380 838 longaevi,
397 782 487 837 quem
503 782 583 820 nunc
598 768 748 820 maestum
765 763 864 837 patria
878 763 982 820 Ardea
997 764 1086 839 longe

227 857 376 917 ¹dividit.'

342 1026 402 1081 [Ine
416 1044 488 1100 rope
503 1027 542 1098 os
554 1027 675 1082 Turnus
689 1029 848 1082 increusea
893 1027 953 1082 His
967 1027 1059 1098 reply.

415 1151 663 1225 Haudquaquam
677 1150 768 1208 dictis
784 1150 929 1207 violentia
944 1151 1040 1206 Turni
1185 1159 1223 1208 45

228 1248 377 1304 flectitur:
393 1255 560 1322 exsuperat
574 1249 672 1324 magis
686 1245 911 1323 ²aegrescitque
927 1249 1087 1304 medendo.

228 1344 273 1402 Ut
286 1345 414 1419 primurn
429 1345 490 1402 fari
504 1346 615 1420 potuit,
633 1345 677 1403 sic
692 1345 804 1402 institit
819 1363 888 1401 ore:

231 1440 347 1513 ‘Quam
357 1439 429 1516 ³pro
444 1461 491 1498 me
503 1460 607 1500 curam
621 1444 714 1519 geris,
728 1443 806 1500 hane
820 1460 937 1516 precor,
951 1445 1076 1516 optime,
1093 1460 1148 1517 pro
1163 1461 1211 1500 me

229 1538 366 1612 deponas
380 1539 534 1613 letumque
550 1541 633 1597 sinas
648 1558 703 1614 pro
715 1540 804 1596 laude
820 1540 952 1614 pacisci:

229 1640 262 1692 et
276 1653 332 1692 nos
346 1637 418 1706 tela,
435 1642 534 1711 pater,
551 1638 726 1710 ferrumque
740 1638 822 1694 haud
836 1633 952 1694 ⁴debile
967 1639 1077 1694 dextra
1186 1644 1224 1693 50

230 1734 401 1808 spargimus
413 1754 420 1802 3
436 1739 468 1792 et
482 1741 589 1792 nostro
604 1735 741 1808 sequitur
755 1735 792 1791 de
806 1734 929 1791 volnere
946 1735 1081 1810 sanguia.

229 1827 352 1906 ⁵Longe
367 1831 410 1887 iili
425 1834 483 1890 dea
497 1837 595 1889 mater
609 1833 677 1901 erit,
694 1849 772 1905 quae
787 1833 866 1889 nube
882 1833 1024 1907 fugacem

228 1929 360 1985 feminea
375 1934 460 2005 tegat
474 1935 506 1986 et
521 1929 608 1986 vanis
624 1947 691 1986 sese
708 1929 827 1986 occulat
842 1928 976 1986 umbris?

476 2090 537 2146 Tire
551 2097 685 2164 entreaty
699 2091 737 2163 of
752 2089 798 2146 tire
817 2088 927 2162 Quaen.

269 2205 314 2261 At
327 2207 444 2281 regina,
461 2223 542 2263 nova
555 2223 676 2281 pugnae
692 2205 858 2262 conterrita
871 2202 981 2275 sssorte,

229 2301 323 2357 fiebat
336 2308 368 2359 et
382 2303 539 2358 ardentem
554 2320 699 2376 generum
715 2302 866 2359 monitura
881 2303 1024 2360 tenebat:
1187 2314 1224 2362 55

232 2398 365 2467 ‘Turne,
382 2417 436 2473 per
450 2401 505 2455 has
520 2416 577 2474 ego
593 2404 622 2455 te
637 2397 791 2468 lacrimae,
808 2417 861 2473 per
877 2399 971 2473 siquis
987 2402 1118 2458 Amatae
1184 2458 1188 2467 ,
1283 2390 1284 2395 ¹

230 2496 330 2570 tangit
344 2497 441 2552 honos
456 2496 589 2552 animum
608 2496 694 2571 (spes
710 2501 744 2552 tu
759 2513 839 2553 nunc
854 2513 925 2564 una,
944 2504 1084 2554 senectae

228 2596 262 2649 tu
277 2592 396 2665 requies
411 2594 550 2662 miserae,
567 2594 660 2650 decus
675 2593 894 2667 imperiumque
910 2594 1012 2650 Latini

229 2695 259 2747 te
274 2707 379 2764 penes,
396 2690 427 2746 in
442 2697 472 2747 te
487 2691 585 2747 omnis
600 2691 708 2747 domus
724 2690 870 2747 inclinata
884 2692 1062 2767 recumbit),

229 2805 323 2843 unum
336 2805 409 2844 oro:
425 2788 539 2845 desiste
554 2805 676 2843 manum
691 2789 880 2846 committere
895 2788 1030 2845 Teucria.
1188 2800 1226 2848 60

229 2884 288 2957 Qui
303 2889 333 2941 te
348 2902 476 2958 cumque
490 2882 632 2942 ⁷manent
646 2885 706 2941 isto
722 2886 886 2943 certamine
901 2903 1002 2955 casuS,

230 2987 261 3039 et
273 3001 334 3053 me,
350 2983 464 3051 Turne,
480 2977 639 3039 ⁸manent:
656 2982 746 3038 simul
760 2983 835 3041 haec
850 2983 950 3041 invisa
964 2984 1131 3057 relinquam

220 3143 229 3175 1
242 3145 344 3205 dividit,
357 3144 403 3204 i.e.,
414 3145 483 3209 from
495 3162 550 3209 you.

218 3224 230 3257 ²
241 3228 370 3287 aegrescit
381 3227 524 3275 medendo:
544 3225 618 3274 “His
631 3226 745 3275 disorder
757 3228 877 3275 increases
889 3227 945 3274 wiri
958 3228 993 3275 the
1005 3228 1088 3277 remed
1087 3229 1128 3295 y.”

217 3306 287 3370 ⁸pro
299 3324 349 3369 me,
362 3310 386 3357 in
400 3326 439 3373 my
451 3308 538 3373 bedols.

217 3389 228 3422 ⁴
241 3390 333 3451 debile,
346 3390 420 3440 weulc.

217 3471 317 3536 ⁶longe
331 3513 336 3523 .
350 3513 355 3524 .
369 3511 375 3524 .
388 3475 445 3534 erit,
457 3489 525 3537 quae
538 3512 544 3523 .
557 3511 562 3521 .
577 3513 582 3523 .
595 3479 682 3536 tegat:
700 3476 819 3539 refferrinp
831 3483 853 3521 to
866 3474 902 3522 tlte
915 3458 1034 3522 incidente
1048 3476 1071 3523 in
1084 3476 1120 3525 tire
1132 3481 1224 3544 stapes

174 3553 273 3603 AEneas
284 3564 311 3603 at
326 3554 456 3621 Carrhae,
469 3555 596 3603 described
609 3557 633 3604 r'n
646 3555 694 3604 Bk.
708 3555 732 3606 Ι.

216 3637 228 3670 ⁶
240 3644 310 3687 sorte
322 3662 346 3681 =
360 3640 517 3698 conditione,
530 3654 634 3700 genere.

217 3720 228 3753 ⁷
240 3728 363 3770 manent:
381 3722 513 3770 transitive.

217 3802 228 3835 ⁸
241 3810 354 3853 manent.
382 3802 408 3853 T
406 3802 434 3852 Ile
446 3811 490 3849 two
500 3801 592 3849 clauses
604 3819 646 3849 are
658 3800 793 3865 equivalent
805 3811 828 3849 to
837 3804 939 3866 sapinp:
953 3818 1034 3851 unum
1046 3810 1073 3853 et
1085 3819 1224 3857 commune

173 3886 328 3948 periculum.
