2817 4300
172 381 213 446 38
354 398 570 446 SELECTIONS
593 398 694 446 FROM
717 397 831 444 LATIN
854 397 1038 445 AUTHORS.

225 585 291 623 rum
313 567 436 642 cognita
460 568 555 636 iamt,
578 566 650 624 beili
672 568 826 624 fortunam
847 567 979 640 experiri
1003 567 1071 624 edm
1093 567 1221 625 Taxiies

226 670 309 722 esset
337 664 368 721 in
396 665 517 722 deditos
540 664 719 722 clementiae
741 661 834 722 meae
847 670 910 721 tam
934 664 1138 738 propinquum
1164 665 1220 722 tibi

226 759 419 835 exemplum?
432 761 448 784 ”
490 763 535 819 At
558 762 618 831 ille,
638 767 658 796 ‘⁶
671 761 854 834 Quoniam,''
873 762 982 834 inquit,
1006 759 1047 796 Ν
1060 767 1220 835 perconta-

224 859 278 929 riS,
295 859 488 932 respondebo
506 862 542 916 ea
567 860 720 928 libertate,
747 877 840 932 quam
863 859 1081 934 interrogando
1105 859 1216 916 fecisti.

192 964 209 1014 5
225 957 387 1014 Neminem
402 974 449 1014 me
473 957 630 1014 fortiorem
647 974 716 1013 esse
735 956 909 1014 censebam.
958 957 1048 1013 Meas
1071 957 1149 1013 enim
1165 974 1219 1013 no-

225 1074 328 1114 veram
350 1055 442 1125 vires,
467 1055 602 1112 nondum
627 1061 773 1127 expertus
803 1059 891 1111 tuas:
915 1053 1070 1111 fortiorem
1095 1072 1163 1111 esse
1187 1061 1219 1112 te

225 1153 298 1210 belli
320 1151 425 1210 docuit
453 1155 592 1209 eventus
645 1151 707 1209 Sed
731 1169 770 1208 ne
794 1151 839 1208 sic
864 1151 987 1224 quidem
1009 1169 1117 1225 parum
1141 1150 1219 1208 felix

224 1269 302 1319 sum,
333 1250 484 1308 sccundus
514 1249 602 1306 tibi.''
658 1249 776 1306 Rursus
805 1249 1022 1324 interrogatum
1051 1250 1125 1322 quid
1153 1249 1219 1323 ipse

139 1405 142 1410 .
224 1349 372 1406 victorem
388 1352 521 1404 statuere
544 1347 655 1404 debere
679 1353 836 1404 censeret:
861 1345 983 1418 “Quod
1004 1347 1086 1416 hic,''
1108 1347 1217 1420 inquit,

173 1452 210 1504 10
227 1451 248 1480 “
260 1446 326 1503 dies
346 1444 402 1502 tibi
421 1445 541 1514 suadet,
558 1461 619 1518 quo
634 1451 781 1518 expertus
797 1463 841 1514 es,
857 1443 948 1517 quam
964 1430 1101 1502 ²caduca
1122 1444 1219 1501 felici-

225 1548 274 1601 tas
297 1541 411 1600 esset.”
463 1541 537 1598 Plus
563 1543 716 1598 monendo
739 1542 881 1616 profecit,
906 1540 997 1614 quam
1026 1542 1051 1598 ei
1077 1549 1219 1615 precatus

224 1645 317 1699 esset.
362 1639 481 1714 Quippe
496 1637 740 1713 magnitudinem
754 1639 847 1696 animi
862 1641 930 1711 ejus
945 1639 1114 1704 interritam
1129 1657 1165 1696 ac
1180 1656 1219 1696 ne

225 1739 350 1795 fortuna
373 1738 496 1810 quidem
516 1737 691 1802 infractam,
716 1755 778 1794 non
803 1737 1013 1794 misericordia
1035 1737 1137 1806 modo,
1164 1737 1220 1794 sed

225 1835 317 1893 etiam
342 1835 455 1891 honore
484 1834 626 1907 excipere
655 1833 800 1910 dignatus
829 1839 887 1891 est.
939 1834 1075 1909 Aegrum
1101 1834 1221 1891 curavit

172 1939 208 1990 15
224 1933 305 1989 haud
321 1933 409 1988 secde
432 1931 523 2004 quam
546 1931 571 1986 si
597 1948 652 2004 pro
677 1931 745 2004 ipso
770 1933 948 2006 pugnasset.
987 1929 1218 2005 Confirmatum,

225 2035 332 2086 contra
360 2046 445 2102 spem
474 2028 620 2098 omnium,
651 2028 682 2084 in
711 2027 876 2085 amicorum
905 2045 1063 2085 numerum
1091 2029 1217 2103 recepit.

225 2126 304 2184 Mox
329 2126 456 2185 donavit
478 2125 623 2201 ampliore
645 2143 751 2201 regno,
774 2125 864 2199 qudm
886 2126 996 2184 tenuit.
1054 2127 1121 2184 Nee
1146 2125 1220 2184 sanc

224 2224 388 2298 quidquam
404 2224 559 2300 ingenium
576 2226 642 2297 ejus
662 2223 791 2280 solidius
814 2228 868 2280 aut
889 2225 1081 2281 constantius
1100 2224 1218 2293 habuit,

225 2324 316 2398 quem
333 2325 564 2382 admirationem
582 2342 672 2381 verae
691 2323 792 2381 laudis
807 2329 839 2381 et
857 2324 983 2399 gloriae.
1026 2321 1220 2398 ³Simplieids

171 2429 209 2481 20
226 2427 326 2479 tamen
349 2423 464 2479 famam
479 2422 662 2479 aestimabat
681 2421 712 2478 in
728 2423 826 2489 hoste,
843 2421 934 2495 quim
953 2422 984 2479 in
1000 2422 1084 2480 cive:
1107 2423 1219 2497 quippe

225 2539 243 2577 a
272 2521 335 2577 suis
370 2521 515 2579 credebat
548 2521 791 2595 magnitudinem
833 2539 919 2577 suam
953 2521 1069 2577 destrui
1108 2538 1218 2594 posse:

225 2619 354 2675 eandem
374 2617 532 2673 clariorem
554 2618 632 2687 fore,
653 2619 714 2691 quo
731 2619 864 2691 majores
890 2617 1033 2687 fuissent,
1054 2634 1132 2690 quos
1153 2618 1219 2692 ipse

224 2714 360 2772 vicisset.

513 2876 613 2932 Lrann
633 2876 692 2932 IX.
737 2874 813 2933 Car.
830 2876 919 2932 VIII.

264 2997 356 3055 VIII.
402 2999 451 3056 25.
482 2999 629 3057 Indorum
642 2999 737 3074 legati
751 2998 868 3055 dimissi
886 3000 1005 3070 domos,
1021 3000 1128 3075 paucis
1149 3005 1220 3075 post

172 3103 209 3153 25
225 3096 333 3153 diebus
355 3113 422 3153 cum
446 3096 535 3153 donis
560 3102 765 3154 revertuntur.
808 3096 952 3153 Trecenti
977 3104 1064 3155 erant
1088 3098 1218 3171 equites,

225 3192 305 3249 mille
318 3193 443 3268 triginta
455 3210 571 3264 currus,
583 3211 659 3267 quos
670 3193 845 3269 quadrijugi
860 3194 929 3267 equi
940 3195 1106 3262 ducebant3
1121 3195 1220 3252 lineae

225 3290 321 3348 vestis
346 3290 547 3365 aliquantum,
568 3290 650 3348 mille
675 3296 763 3347 scuta
785 3290 903 3360 Indica,
929 3296 961 3348 et
983 3288 1070 3348 ⁴ferri
1098 3292 1221 3349 candidi

225 3388 341 3445 talenta
362 3392 503 3456 centum;
524 3388 688 3460 leonesque
707 3404 792 3444 rarae
808 3388 1038 3464 magnitudinis,
1060 3394 1092 3446 et
1112 3390 1219 3465 tigres,

225 3493 386 3559 utrumque
397 3486 508 3542 animal
519 3486 558 3542 ad
568 3484 830 3541 mansuetudinem
841 3486 989 3542 domitum
1000 3505 1007 3554 ;
1022 3483 1221 3544 ‘lacertarum

270 3648 280 3682 1
292 3648 462 3711 percontaris,
474 3664 526 3711 syn.
538 3648 710 3708 Interrogare.
776 3646 787 3679 ⁸
800 3649 952 3710 simplicius,
965 3646 1122 3713 morejustiy.

269 3720 523 3797 2caduca,fleerin9.‘
775 3732 785 3765 4
798 3732 862 3781 ferri
875 3730 988 3790 candidi,
999 3728 1064 3781 steri.

548 3804 559 3841 ⁶
571 3808 739 3868 lacertarum,
751 3805 853 3855 lizarda.
