2817 4300
190 387 231 452 14
372 403 590 450 sennonteus
613 403 716 450 raon
739 404 852 450 naam
876 404 1059 452 nurnons.

243 573 363 630 initium
398 575 490 648 fugae
526 574 653 630 factum.
699 572 761 631 Sed
796 575 972 648 Pompeius,
1002 582 1037 632 ut
1071 575 1240 649 equitatum

243 689 332 727 suurn
354 670 473 744 pulsum
495 671 573 727 vidit
594 676 685 744 atque
701 689 768 728 earn
790 673 908 745 partein
930 673 978 729 cui
1001 673 1132 730 maxime
1148 675 1240 730 eonti-

243 769 337 826 debat
358 769 548 842 perterritam
571 769 798 836 animadvertit,
815 769 882 825 aliis
904 787 1023 843 quoque
1044 770 1160 826 diffisus
1175 772 1241 828 acie

243 867 377 922 excessit
399 865 598 939 protinusque
614 883 646 921 se
662 866 692 921 in
709 873 810 922 castra
825 883 903 940 equo
918 867 1047 924 contulit
1066 874 1097 924 et
1118 868 1155 924 iis
1170 886 1241 925 een-

211 970 228 1019 5
244 963 415 1019 turionihus
427 980 502 1036 quos
514 963 546 1019 in
561 963 693 1020 statione
707 963 746 1020 ad
757 964 941 1037 praetoriam
951 969 1070 1038 portam
1082 971 1239 1039 posuerat,

244 1060 335 1126 clare,
357 1065 390 1117 ut
412 1060 522 1116 milites
545 1060 737 1129 exaudirent,
756 1061 961 1130 “Tuemini,’'
977 1061 1086 1134 inquit,
1105 1068 1126 1096 “
1138 1068 1241 1120 eastra

244 1163 275 1214 et
290 1158 446 1214 defendite
461 1158 634 1232 diligenter,
648 1158 675 1213 si
690 1158 763 1231 quid
778 1158 882 1214 durius
898 1158 1053 1215 acciderit.
1090 1159 1157 1234 Ego
1173 1160 1241 1216 reli-

223 1271 321 1328 ·quas
343 1261 447 1329 portas
470 1256 619 1311 circumeo
641 1260 671 1311 et
692 1261 861 1311 castrorum
883 1255 1037 1328 praesidia
1058 1257 1238 1313 confirm0.'’

244 1354 330 1410 Haec
346 1371 413 1409 curn
429 1353 570 1420 dixisset,
585 1351 658 1408 sein
674 1348 886 1425 mpraetorium
902 1353 1031 1410 contulit
1045 1372 1181 1412 summae
1196 1355 1241 1411 rei

193 1458 229 1507 10
244 1451 384 1508 diffidens
399 1458 430 1508 et
445 1458 547 1507 tamen
562 1456 705 1507 eventum
720 1457 916 1524 exspectans.

284 1548 381 1606 XCV.
413 1548 527 1606 Caesar
547 1549 742 1622 Pompeianis
765 1566 804 1605 ex
826 1550 902 1625 fuga
923 1550 1004 1607 intra
1024 1550 1138 1607 vallum
1159 1569 1240 1608 oom-

244 1645 340 1720 pulsis
369 1647 482 1703 nullum
512 1647 645 1719 spatium
669 1648 838 1720 perterritis
866 1648 939 1704 dare
967 1654 1108 1722 oportere
1134 1648 1241 1705 existi·

245 1763 343 1814 mans,
356 1744 469 1801 milites
481 1746 656 1802 cohortatus
668 1749 716 1801 est
727 1750 762 1802 ut
776 1745 922 1802 beneficio
933 1747 1074 1802 fortunae
1086 1752 1243 1802 uterentur

244 1848 405 1915 castraque
424 1847 648 1916 oppugnarent.
694 1841 763 1913 Qui,
781 1842 839 1899 etsi
861 1860 972 1918 magno
994 1850 1081 1900 aestu
1100 1843 1186 1918 (nam
1201 1844 1241 1900 ad

192 1948 228 1997 15
244 1940 398 1996 meridiem
424 1958 472 1996 res
497 1944 564 1996 erat
587 1941 764 2014 perducta),
788 1946 891 1997 tamen
912 1941 952 1997 ad
970 1959 1090 1998 omnem
1105 1941 1242 1999 laborem

245 2039 346 2094 animo
374 2037 474 2111 parati
509 2036 634 2110 imperio
662 2043 839 2111 paruerunt.
883 2037 994 2094 Castra
1018 2057 1037 2094 a
1064 2039 1242 2095 cohortibus

244 2147 322 2203 quae
345 2129 386 2185 ibi
407 2129 558 2203 praesidio
574 2135 661 2187 erant
675 2129 799 2187 relictae
815 2129 963 2187 industrie
985 2129 1240 2199 defendebantur,

244 2226 340 2283 multo
368 2228 461 2283 etiam
493 2227 591 2283 acrius
620 2246 638 2283 a
665 2227 836 2284 Thracibus
870 2228 1069 2301 barbarisque
1104 2228 1239 2285 auxiliis

245 2324 326 2380 Nam
356 2326 408 2396 qni
442 2324 505 2381 acie
539 2325 717 2399 refugerant
750 2324 873 2393 milites,
891 2331 922 2382 et
957 2325 1058 2381 animo
1090 2325 1243 2399 perterriti

191 2428 230 2479 20
245 2426 276 2478 et
304 2422 483 2477 lassitudine
509 2422 643 2479 consecti
670 2421 773 2477 missis
802 2421 937 2496 plerique
969 2423 1060 2478 armis
1085 2422 1241 2497 signisque

245 2519 426 2576 militaribus
454 2520 551 2593 magis
580 2520 618 2576 de
647 2520 762 2593 reliqua
787 2521 860 2594 fuga
888 2537 979 2593 qnam
1007 2520 1045 2577 de
1073 2525 1242 2577 castrorum

244 2616 425 2674 defensione
448 2616 635 2691 cogitabant.
680 2616 789 2689 Neque
811 2634 883 2673 vero
905 2617 1019 2673 diutius
1040 2617 1092 2689 qui
1113 2617 1145 2673 in
1159 2617 1242 2674 vallo

246 2714 449 2771 constiterant
477 2714 702 2771 multitudinem
731 2714 859 2771 telorum
885 2716 1035 2771 sustinere
1064 2719 1239 2787 potuerunt,

245 2812 299 2868 sed
329 2811 462 2868 confecti
486 2812 661 2868 vulneribus
690 2811 789 2868 locum
818 2811 1016 2884 reliquerunt,
1043 2812 1241 2886 protinusque

192 2917 230 2967 25
247 2926 353 2966 omnes
374 2908 503 2965 ducibus
526 2910 571 2965 usi
597 2910 826 2990 centurionibus
847 2909 1036 2982 tribunisque
1060 2910 1188 2966 militum
1210 2910 1242 2965 in

246 3006 410 3062 altissimos
439 3011 570 3073 montes,
600 3006 652 3079 qui
688 3007 726 3063 ad
762 3011 863 3063 castra
898 3006 1103 3079 pertinebant,
1134 3008 1241 3065 confu-

246 3108 366 3177 gerunt.

242 3231 264 3263 23
276 3232 438 3293 praetorium
453 3231 540 3293 (porta
551 3233 705 3296 praetoria),
718 3231 755 3279 tle
766 3248 836 3279 navae
848 3230 922 3295 oftlre
933 3232 982 3279 end
993 3231 1066 3296 ostie
1082 3234 1126 3281 via
1137 3248 1210 3294 prae

323 3314 399 3373 toria,
411 3312 448 3361 tle
459 3312 548 3377 longest
559 3320 630 3361 street
641 3314 666 3361 in
678 3330 694 3361 a
706 3312 803 3361 Rornae
815 3330 904 3377 camp5
921 3312 1103 3376 beadquartera
