2817 4300
208 381 249 443 80
391 398 607 443 SELECTIONS
630 398 734 443 FROM
756 398 867 442 LATIN
891 398 1073 444 AUTHORS.

459 568 519 623 Tne
529 569 720 639 properarent
735 568 844 640 doriup
859 569 896 639 of
905 567 1011 624 Nisus.

285 667 362 735 ‘Tu,
379 668 447 736 dea,
465 673 497 720 tu
513 682 657 737 praesens
674 670 778 720 nostro
794 681 934 721 succurre
949 664 1058 735 labori,

208 769 265 818 405
283 767 434 819 astrorum
448 762 541 818 decus
557 766 587 817 et
603 778 759 817 nemorum
775 761 904 817 Latonia
919 769 1033 819 custos.

281 855 394 932 ¹Siqua
409 860 470 916 tuis
484 876 629 932 umquam
644 877 698 932 pro
714 876 761 916 me
777 867 863 932 pater
879 859 1034 934 Hyrtacus
1049 861 1110 917 aris

282 957 363 1013 dona
377 957 457 1025 tulit,
475 957 563 1028 siqua
577 957 643 1030 ipsc
658 957 734 1013 meis
749 957 910 1013 venatibus
927 957 998 1014 auxi

283 1055 466 1128 suspendive
481 1051 582 1110 ²tholo
597 1059 650 1111 aut
664 1072 752 1110 sacra
768 1055 806 1110 ad
822 1055 948 1130 fastigia
962 1055 1033 1111 fixi:

281 1153 360 1208 hunc
376 1153 441 1208 sine
456 1169 504 1208 me
519 1152 641 1208 turbare
655 1149 794 1227 ³globurn
810 1156 840 1208 et
855 1170 925 1226 rege
940 1151 1001 1208 tela
1015 1171 1069 1226 per
1083 1153 1196 1209 auras!

207 1255 265 1303 410
282 1249 422 1319 Dixerat,
439 1255 471 1306 et
486 1254 551 1305 toto
566 1250 695 1306 conixus
711 1267 837 1323 corpore
853 1250 966 1306 ferrum

282 1347 411 1403 conicit:
435 1347 524 1402 hasta
538 1346 647 1402 volans
662 1347 761 1402 noctis
777 1347 949 1403 diverberat
963 1347 1086 1403 umbras

282 1449 313 1500 et
326 1445 411 1500 venit
426 1444 526 1500 aversi
541 1444 572 1499 in
587 1450 704 1518 tergum
722 1442 876 1500 Sulmonis
891 1444 992 1516 ibique

281 1541 431 1617 frangitur
445 1559 481 1598 ac
495 1542 569 1597 fisso
584 1541 695 1597 transit
710 1542 890 1614 praecordia
903 1539 1012 1616 ⁴ligno.

281 1638 422 1696 Volvitur
438 1638 488 1695 illc
502 1656 629 1695 vomens
643 1635 790 1694 ⁵calirtlum
807 1639 845 1694 tle
861 1649 983 1711 pectore
998 1640 1108 1695 fiumen

208 1742 265 1791 415
282 1736 412 1810 frigidus
427 1741 459 1792 et
471 1736 571 1810 longis
586 1732 787 1811 sssingultibus
802 1732 869 1791 7ilia
885 1735 996 1809 pulsat.

281 1832 403 1890 Diversi
418 1833 675 1906 circumspiciunt.
719 1834 787 1890 Hoc
802 1834 899 1890 acrior
914 1833 994 1889 idem
1074 1824 1079 1834 ⁴

281 1947 351 1987 ecce
366 1930 448 1986 aliud
464 1948 582 1986 summa
596 1930 690 1987 telum
704 1930 836 1987 librabat
851 1931 889 1986 ab
905 1948 986 1987 aure.

281 2027 363 2083 Dum
377 2028 542 2100 trepidant,
560 2027 584 2084 it
598 2028 687 2083 hasta
700 2024 804 2101 8Tago
818 2046 872 2101 per
887 2033 1007 2101 tempus
1023 2035 1182 2102 utrumque

282 2127 413 2184 stridens
429 2126 617 2199 traiectoque
632 2125 732 2183 haesit
746 2127 904 2201 tepefacta
918 2126 1054 2198 cerebro.

207 2232 266 2282 420
282 2224 388 2282 Saevit
402 2229 492 2281 atrox
506 2223 639 2281 Volcens
655 2242 711 2281 nec
726 2224 778 2280 teli
793 2224 944 2297 conspicit
958 2240 1087 2297 usquam

282 2328 435 2379 auctorem
452 2339 507 2378 nec
522 2339 582 2395 quo
597 2339 630 2378 se
646 2323 757 2378 ardens
772 2323 926 2379 inmittere
940 2322 1049 2397 possit.

285 2416 367 2475 ‘⁹Tu
381 2424 484 2475 tamen
499 2419 615 2475 interea
630 2419 729 2476 calido
745 2420 816 2475 mihi
832 2420 980 2494 sanguine
996 2438 1110 2493 poenas

281 2516 437 2591 persolves
452 2516 632 2585 amborum,'
649 2516 764 2589 inquit;
788 2517 877 2573 simul
892 2534 964 2573 ense
980 2517 1098 2574 recluso

282 2615 346 2672 ibat
359 2614 391 2669 in
405 2613 562 2689 Eurylum.

244 2739 351 2805 111000,
373 2739 544 2810 retinessinp
563 2737 608 2793 tbe
627 2737 716 2793 death
733 2738 772 2809 of
784 2738 952 2810 Euryalus,
972 2740 1075 2795 rushes
1092 2741 1154 2794 into
1173 2740 1220 2794 tlte

303 2821 440 2890 enemiee'
455 2834 560 2901 ranke,
577 2834 645 2889 eills
662 2834 795 2904 Volcens,
812 2836 875 2890 aad
890 2837 917 2891 is
931 2836 1055 2907 Irimaelf
1069 2836 1159 2891 stein.

587 2931 665 2987 Turn
680 2948 754 2988 vero
769 2932 944 2995 exterritus,
961 2950 1065 2987 amens

207 3038 264 3087 425
281 3029 452 3087 conclamat
467 3029 573 3096 Nisus,
591 3046 646 3085 nec
661 3046 694 3086 se
710 3026 808 3085 celare
824 3029 958 3086 tenebris

250 3159 260 3191 ¹
272 3160 356 3220 siqua.
396 3156 526 3205 Translate
539 3158 563 3205 in
575 3159 711 3205 connection
724 3157 779 3204 with
792 3158 868 3205 dona.

249 3241 353 3290 ²tholo.
388 3245 403 3267 “
414 3239 464 3289 The
482 3239 557 3287 tholus
570 3257 619 3288 was
637 3240 673 3288 tlte
691 3248 769 3287 centro
788 3242 819 3304 os
831 3240 867 3287 rte
882 3240 980 3289 interior
992 3240 1063 3304 ostile
1081 3240 1188 3289 circulor
1204 3242 1264 3305 roos

206 3327 237 3389 os
248 3324 285 3373 tlte
302 3323 386 3388 temple
399 3324 473 3372 where
485 3323 519 3371 all
530 3324 567 3371 tle
580 3325 659 3372 beurim
672 3323 842 3372 terrninuted.''
850 3351 883 3359 -
891 3325 1014 3371 Anauon.

250 3408 389 3470 ⁸globum‚
401 3407 489 3457 crowd.
524 3408 618 3455 “Nam
635 3410 697 3470 quia
716 3415 756 3456 tot
774 3408 879 3456 vincere
896 3407 1058 3469 impossibile
1075 3406 1171 3467 suerat,
1189 3407 1257 3469 petit

206 3500 237 3543 ut
249 3494 342 3542 saltem
355 3509 399 3541 eos
412 3494 550 3554 perturbat
563 3492 675 3541 telorum
688 3491 1017 3542 beneflcio.”-Snnv1us.

250 3576 336 3625 *fisso
346 3598 370 3619 =
380 3575 475 3625 tracto.
510 3576 586 3624 Fisso
598 3575 678 3637 ligno,
692 3573 777 3623 broken
790 3573 863 3640 elusi.

249 3656 261 3691 ⁶
273 3658 388 3707 calidum
404 3657 511 3719 (caleo),
523 3656 569 3705 lot.

250 3738 599 3804 ο0111111111111110,019110μί001),
611 3738 761 3803 Ionqdrown
774 3738 874 3787 11100110,
941 3738 1017 3799 71110,
1029 3738 1065 3787 the
1077 3736 1146 3802 body.

251 3820 355 3890 ΒΤιιςο,
368 3820 450 3869 dative
465 3822 502 3883 (in
511 3821 609 3885 poetry)
616 3822 662 3885 sor
671 3838 725 3886 qen.
914 3862 917 3869 .
942 3819 953 3851 ⁹
966 3827 1003 3879 tu,
1016 3820 1054 3869 ie.
1066 3817 1166 3884 Euryal
1195 3854 1201 3866 .
