2817 4300
151 375 217 441 114
336 386 552 437 smmcrrons
574 385 679 433 raon
701 385 814 432 namn
836 385 1020 437 annuens

226 579 300 620 ense
315 563 421 618 secent
434 558 498 615 lato
513 556 622 614 volnus
637 554 750 628 telique
764 552 929 614 ¹latebram

153 666 211 718 390
225 657 403 716 rescindant
416 655 538 730 penitus
554 670 682 726 seseque
698 654 728 709 in
744 653 824 710 bella
838 655 1007 713 remittant.

384 898 445 956 Tne
458 895 555 955 Leecb
569 895 667 969 Iapyx
679 897 708 951 ia
716 901 839 968 present
852 902 881 952 to
895 897 960 952 uid.

226 1050 353 1122 Iamque
368 1048 476 1105 aderat
488 1044 614 1102 Phoebo
628 1047 700 1100 ante
715 1042 791 1100 alios
806 1043 936 1101 dilectus
950 1044 1052 1120 Iapyx

227 1146 356 1216 Iasides,
371 1145 434 1202 acri
448 1143 603 1217 quondam
618 1141 791 1214 cuicaptus
806 1157 908 1198 amore

227 1244 292 1318 ipse
307 1260 379 1299 suas
394 1247 487 1311 artes,
504 1257 560 1296 sua
573 1256 710 1306 munera,
726 1237 826 1295 laetus
840 1238 955 1312 Apollo

227 1339 388 1416 augurium
401 1338 609 1410 citharamque
624 1335 721 1393 dabat
734 1335 900 1409 celerisque
915 1336 1058 1412 sagittas.

153 1447 210 1497 395
226 1438 283 1496 Ille
297 1442 331 1494 ut
345 1435 478 1510 depositi
492 1435 644 1509 proferret
658 1435 725 1490 fata
739 1435 888 1507 parentis,

227 1536 304 1594 scire
319 1538 490 1609 potestates
505 1531 666 1589 herbarum
682 1548 830 1604 usumque
845 1527 1003 1589 medendi

226 1632 335 1690 maluit
349 1637 380 1690 et
394 1636 495 1688 mutas
512 1629 629 1705 agitare
643 1628 791 1704 inglorius
806 1635 898 1685 artes.

227 1730 338 1789 Stabat
350 1726 479 1787 ³acerba
492 1728 638 1795 fremens,
655 1727 810 1801 ingentem
825 1726 917 1783 nixus
931 1726 963 1783 in
978 1727 1099 1785 hastam

226 1828 351 1886 Aeneas
366 1843 479 1903 magno
493 1825 637 1883 iuvenum
652 1828 683 1881 et
698 1823 862 1880 maerentis
876 1823 936 1880 Iuli

154 1932 214 1982 400
227 1942 388 1994 concursu,
405 1922 538 1981 lacrimis
553 1920 727 1978 immobilis.
772 1920 828 1978 Ille
841 1917 975 1979 ⁴retorto

227 2021 396 2080 Paeonium
409 2021 442 2078 in
457 2037 570 2077 morem
586 2019 688 2075 senior
702 2018 876 2075 succiuctus
892 2019 1004 2077 amictu

223 2115 335 2178 ‘multa
349 2137 441 2177 manu
458 2117 576 2176 medica
590 2116 766 2190 Phoebique
783 2115 960 2190 potentibus
975 2116 1077 2176 herbis

228 2218 410 2291 nequiquam
424 2213 587 2291 “trepidat
603 2215 787 2288 nequiquam
802 2211 933 2288 ⁷spicula
948 2214 1058 2271 dextra

228 2315 374 2373 sollicitat
386 2319 572 2389 prensatque
587 2312 688 2369 tenaci
701 2307 836 2384 ⁸forcipe
850 2312 975 2368 ferrum.

155 2420 212 2470 406
228 2412 323 2471 Nulla
336 2412 419 2470 viam
433 2413 570 2469 Fortuna
583 2410 672 2485 regit,
688 2408 764 2465 nihil
779 2414 885 2466 auctor
898 2409 1012 2483 Apollo

228 2507 389 2576 subvenit3
406 2518 437 2567 et
451 2526 562 2566 saevus
577 2507 692 2581 campis
708 2506 805 2582 magis
821 2523 857 2563 ac
869 2507 965 2581 magis
980 2507 1086 2564 horror

228 2608 378 2665 crebescit
392 2607 576 2681 propiusque
590 2603 703 2661 malum
718 2608 775 2661 est.
819 2604 888 2661 Iam
902 2598 1025 2678 pulvere
1040 2605 1157 2662 caelum

229 2710 311 2762 stare
326 2704 450 2762 vident:
467 2703 599 2760 subeunt
613 2702 743 2775 equites,
760 2706 792 2758 et
805 2700 923 2775 spicula
938 2702 1048 2759 castris

229 2802 326 2859 densa
340 2801 454 2859 cadunt
467 2800 586 2857 mediis.
630 2800 661 2856 It
674 2798 773 2856 tristis
787 2798 827 2855 ad
841 2799 965 2855 aethera
979 2798 1093 2856 clamor

156 2906 214 2956 410
229 2898 396 2956 bellantum
411 2898 554 2955 iuvenum
569 2901 601 2955 et
614 2897 691 2954 duro
706 2896 764 2953 sub
778 2895 880 2953 Marte
895 2896 1068 2953 cadentum.

198 3144 208 3179 ¹
221 3146 365 3195 latebram:
383 3149 398 3171 “
410 3143 457 3194 Oct
467 3151 491 3190 to
502 3141 539 3190 tic
551 3140 715 3207 hidinqplace
727 3140 801 3190 where
813 3139 857 3190 lies
869 3140 905 3190 the
917 3140 1037 3190 steel.'’—
1045 3142 1164 3192 Monere.

198 3226 349 3277 ’medendi
386 3226 431 3277 Sec
443 3224 460 3274 l.
472 3225 512 3274 46.

199 3308 210 3341 ⁸
221 3312 317 3359 acerba
325 3310 457 3358 -acerbe
471 3308 602 3372 (acriter).

198 3390 321 3441 4retorto
333 3392 478 3440 Paeonium
489 3391 517 3438 in
529 3404 644 3438 morem:
661 3387 756 3437 trained
768 3387 828 3437 back
839 3388 904 3453 aster
916 3387 952 3437 llic
970 3405 1070 3438 manner
1080 3390 1113 3454 (γ’
1124 3390 1208 3449 Poeon,

156 3472 193 3522 the
207 3473 338 3538 physician
351 3474 383 3538 os
393 3473 429 3521 tle
439 3471 508 3537 poda

199 3554 211 3587 ⁵
221 3556 306 3605 multa
317 3555 426 3611 medica,
439 3571 512 3619 many
523 3553 649 3603 remedia.

200 3636 211 3669 ⁶
222 3638 337 3700 trepidat
348 3659 373 3680 =
386 3642 479 3685 tentat.
486 3664 519 3671 -
527 3636 637 3684 Herna.

200 3718 333 3782 ⁷spieula‚
345 3716 534 3783 jocelin-heads.

200 3800 333 3864 ⁸forcipe,
347 3801 454 3865 pinsere.
