2817 4300
133 387 192 452 -54
336 400 552 449 succurrens
575 400 676 448 raom
699 362 813 446 namn
835 401 1016 449 harneas.

206 575 342 648 optatius
362 573 455 631 debet
474 590 552 647 esse.
602 571 651 648 (3)
674 572 754 647 Ego,
771 589 849 645 quae
864 572 904 628 ad
923 578 1007 628 tuam
1021 573 1201 648 dignitatem

206 671 356 746 pertinere
377 669 560 738 arbitrabor,
577 687 695 726 summo
716 669 818 725 studio
837 669 1054 743 diligentiaque
1075 668 1199 738 cumba,

205 770 236 826 in
257 770 421 843 primisque
440 768 549 826 tuebor
563 767 644 824 omni
663 767 859 825 observantia
874 767 1075 850 clarissimum
1089 768 1199 837 virum,

206 875 323 942 patrem
341 871 437 933 tunm,
455 866 537 938 quod
557 869 589 922 et
607 883 663 940 pro
677 870 831 922 vetustate
851 865 1086 922 necessitudinis
1101 869 1132 921 et
1145 882 1202 939 pro

172 973 189 1022 5
204 965 358 1022 beneficiis
374 964 485 1021 vestris
500 969 532 1020 et
546 981 601 1038 pro
615 963 765 1039 dignitate
780 963 876 1037 ipsius
892 964 994 1020 facere
1009 963 1117 1019 debeo

452 1139 605 1199 CICERO
626 1138 785 1198 ATTICO
808 1139 899 1198 SAL.

370 1254 431 1303 Son.
451 1253 552 1301 Roman
573 1266 663 1300 nunsn
685 1252 801 1301 Saxum
814 1267 839 1299 n.
850 1267 876 1300 u.
887 1266 910 1301 c.
920 1252 977 1300 695.

244 1355 293 1434 (1)
313 1355 411 1428 Quam
422 1355 532 1413 vellem
543 1355 658 1411 Romae
669 1354 836 1410 mansisses
848 1353 854 1409 l
870 1355 1034 1410 mansisses
1047 1355 1198 1428 profecto,

146 1526 149 1536 s
205 1456 231 1512 si
246 1456 320 1511 haec
336 1455 402 1510 fore
418 1458 612 1526 putassemus
625 1471 631 1521 ;
655 1462 726 1509 nam
741 1449 946 1508 1Pulchellum
960 1457 1099 1508 nostrum
1114 1452 1200 1510 facil-

203 1552 274 1610 lime
289 1558 472 1620 teneremns‚
489 1559 542 1609 aut
564 1556 656 1619 certe,
673 1551 745 1624 quid
768 1555 851 1607 essct
865 1551 1014 1620 facturae,
1031 1551 1108 1608 scire
1130 1567 1201 1624 pos-

204 1669 316 1707 semus.
361 1651 451 1707 Nunc
466 1667 499 1707 se
514 1667 562 1706 res
582 1649 625 1706 sic
639 1649 750 1706 habet:
773 1648 893 1717 volitat,
911 1648 997 1714 furit,
1014 1647 1089 1704 nihil
1108 1648 1201 1705 habet

98 1795 102 1802 .
152 1755 189 1804 10
203 1743 314 1816 ²certi3
336 1748 439 1805 multis
459 1747 638 1815 denuntiat3
660 1746 742 1820 qnod
764 1747 830 1802 fors
851 1745 1007 1808 obtulerit,
1025 1745 1056 1801 id
1077 1750 1201 1802 acturus

204 1845 342 1903 videtur:
367 1863 434 1903 cum
449 1845 543 1913 videt,
561 1853 621 1916 quo
642 1843 683 1900 sit
703 1844 735 1900 in
756 1844 828 1900 odio
849 1849 949 1899 status
971 1843 1020 1900 hic
1040 1860 1152 1910 rerum,
1169 1843 1200 1898 in

205 1961 268 2012 eos
293 1942 345 2016 qui
365 1942 440 1998 haec
468 1946 606 2017 egerunt,
632 1941 779 2014 impetum
802 1941 939 1998 facturus
962 1940 1100 2008 videtum
1132 1957 1200 1996 cnm

204 2046 305 2097 autern
320 2057 425 2096 rursus
447 2056 520 2112 opes
543 2043 573 2096 et
586 2038 649 2094 vim
671 2038 824 2095 exercitus
845 2038 1032 2107 recordatur,
1049 2037 1202 2094 convertit

205 2156 238 2195 se
265 2137 297 2194 in
325 2155 400 2206 nos3
431 2136 519 2193 nobis
548 2140 648 2194 autem
677 2135 753 2209 ipsis
778 2141 843 2193 tum
867 2135 941 2206 vim,
964 2140 1028 2192 tum
1053 2134 1201 2209 judicium

152 2243 189 2291 15
204 2235 347 2292 minatur.
397 2232 445 2311 (2)
472 2232 548 2291 Cum
568 2234 626 2290 hoc
645 2233 809 2307 Pompeius
827 2233 890 2308 egit
905 2238 946 2303 et,
964 2239 997 2289 ut
1011 2234 1050 2289 ad
1065 2251 1113 2289 me
1134 2232 1200 2305 ipse

204 2332 409 2390 referebat-
425 2332 516 2388 alium
546 2332 626 2387 enim
654 2331 754 2387 habeo
781 2331 933 2387 neminem
960 2336 1200 2401 testem-ve·

204 2431 360 2487 hementer
388 2429 462 2503 egit,
492 2446 559 2485 cum
589 2428 704 2485 diceret
732 2428 763 2484 iu
792 2446 910 2485 summa
938 2446 971 2484 se
1000 2428 1143 2501 perfidiae
1169 2432 1200 2483 et

205 2527 327 2585 sceleris
341 2526 470 2584 infamia
490 2527 568 2595 fore,
586 2526 611 2582 si
633 2524 706 2581 mihi
728 2525 893 2599 periculum
916 2530 1069 2582 crearetur
1089 2526 1129 2582 ab
1150 2544 1197 2596 ec,

204 2642 292 2698 quem
321 2625 386 2697 ipse
415 2628 575 2691 armasset,
603 2640 671 2680 cum
696 2622 849 2697 plebeium
873 2623 938 2679 fieri
962 2640 1072 2696 passus
1097 2629 1198 2680 esset:

151 2728 189 2779 20
204 2723 293 2779 fidem
316 2721 468 2794 recepisse
492 2720 550 2775 sibi
573 2725 604 2777 et
628 2720 727 2793 ipsum
750 2726 781 2777 et
804 2720 940 2793 Appium
966 2721 1003 2777 de
1026 2738 1092 2789 me3
1121 2722 1200 2778 hanc

205 2820 231 2875 si
252 2819 302 2875 ille
322 2836 383 2875 non
405 2822 552 2885 servaret,
576 2817 619 2873 ita
640 2818 784 2887 laturum,
807 2823 841 2874 ut
862 2835 968 2874 omnes
990 2818 1201 2892 intellegerent

204 2916 279 2972 nihil
299 2916 358 2973 sibi
383 2916 536 2989 antiquius
563 2915 696 2972 amicitia
722 2921 827 2971 nostra
852 2915 960 2971 fuisse.
1004 2916 1092 2972 Haec
1114 2920 1145 2972 et
1168 2915 1199 2971 in

211 3032 278 3070 eam
301 3014 482 3071 sententiam
506 3030 575 3070 cum
599 3012 692 3069 multa
715 3012 847 3068 dixisset
870 3012 972 3070 aiebat
996 3012 1079 3069 illum
1102 3014 1205 3086 primo·
1237 3071 1243 3080 ,

204 3129 278 3168 sane
301 3111 353 3167 diu
375 3110 471 3167 multa
494 3114 611 3179 contra,
636 3110 674 3166 ad
697 3114 869 3165 extremum
892 3115 994 3169 autem
1016 3128 1125 3166 manus
1148 3111 1200 3167 de-

151 3216 187 3267 25
204 3209 285 3265 disse
307 3213 338 3265 et
359 3209 536 3265 adfirmasse
559 3206 633 3263 nihil
654 3224 686 3263 se
709 3211 816 3264 contra
838 3206 903 3263 eius
921 3207 1111 3264 voluntatem
1132 3225 1200 3263 esse

204 3307 375 3375 facturum3
407 3306 461 3363 sed
486 3310 594 3379 postea
616 3309 719 3361 tamen
745 3303 794 3360 ille
820 3321 881 3360 non
907 3304 1026 3361 destitit
1047 3305 1085 3361 de
1110 3304 1199 3360 nobis

204 3404 369 3477 asperrime
396 3402 489 3476 loqui.
534 3402 622 3475 Quod
646 3400 672 3458 si
695 3419 756 3458 non
779 3402 906 3471 faceret,
933 3406 1035 3458 tamen
1059 3398 1101 3457 ³ei
1126 3401 1200 3457 nihil

194 3566 204 3599 1
216 3565 392 3624 Pulchellum,
403 3562 551 3623 Pulchellus,
560 3580 576 3611 a
585 3571 761 3626 contemptuose
772 3580 842 3611 nieme
851 3562 953 3627 applied
964 3572 987 3611 to
1000 3562 1105 3612 Cicero's
1117 3579 1199 3626 enemy

154 3648 263 3701 Clodius.
651 3645 662 3678 ²
674 3647 748 3705 certi,
757 3647 873 3709 partitive
883 3647 995 3710 yenitive.

192 3731 254 3781 8ei:
272 3736 368 3795 “many
380 3731 446 3780 verbs
464 3728 559 3793 usually
570 3728 654 3793 found
671 3728 728 3776 witlr
745 3744 762 3775 a
779 3728 861 3777 dative
873 3728 904 3792 of
915 3727 952 3775 tle
966 3744 1055 3791 person
1073 3743 1130 3791 may
1147 3725 1200 3774 also

150 3814 206 3864 take
218 3831 250 3862 an
263 3813 400 3862 accusative
412 3814 443 3877 of
454 3812 490 3859 llle
503 3810 593 3875 ilriny.'’
