2817 4300
563 365 730 430 vasam's
754 383 889 429 mnam.
1187 366 1250 430 133

275 548 423 610 ¹Parthus
437 553 502 610 sive
516 549 653 628 ⁹Cydon,
670 553 764 610 telum
780 554 1013 624 immedicabile,
1030 553 1131 624 torsit,

276 650 409 707 stridens
425 654 457 707 et
470 650 577 707 celeris
592 650 749 725 incognita
764 651 897 708 transilit
910 652 1051 708 umbras:

405 809 464 866 Tite
479 810 564 884 [dury
577 828 673 867 caraea
686 813 720 868 ia
735 811 781 869 tlte
789 813 876 885 sarm
890 814 928 886 of
942 831 962 870 a
977 813 1054 870 bird.

277 924 348 982 talis
363 942 396 982 se
410 921 495 981 ³sata
509 925 609 982 Nocte
624 926 695 983 tulit
710 931 866 1000 terrasque
882 927 1000 1002 petivit.
1087 923 1088 927 ’
1195 935 1253 985 860

277 1025 445 1096 Postquam
460 1023 541 1080 acies
556 1023 642 1080 videt
655 1023 766 1081 Iliacas
782 1031 873 1098 atque
888 1025 1011 1100 agmina
1025 1025 1131 1096 Turni,

276 1119 374 1178 *alitis
390 1121 421 1176 in
436 1138 549 1194 parvae
565 1122 698 1179 subitam
714 1123 853 1180 conlecta
867 1123 1006 1198 figuram,

277 1238 354 1294 quae
369 1220 525 1293 quondam
540 1221 571 1276 in
584 1218 700 1278 ⁵bustis
717 1229 770 1279 aut
785 1221 966 1278 culminibus
981 1221 1111 1278 desertis

278 1323 368 1376 noete
383 1319 495 1375 sedens
511 1336 612 1375 serum
627 1321 711 1376 canit
725 1320 898 1394 importuna
914 1337 968 1394 per
981 1320 1116 1389 umbrae,

261 1418 358 1474 ‘hane
371 1434 462 1473 versa
477 1417 508 1472 in
523 1417 634 1473 faciem
650 1417 746 1474 Turni
762 1435 794 1475 se
810 1418 906 1491 pestis
921 1417 960 1474 ob
975 1435 1029 1474 ora
1197 1422 1253 1473 865

268 1505 399 1588 'fertque
414 1516 567 1587 refertque
583 1533 697 1571 sonans
712 1515 902 1588 clipeumque
917 1515 1077 1572 everberat
1092 1513 1158 1572 alis.

278 1609 340 1669 Olli
353 1612 490 1669 membra
506 1629 603 1668 novus
619 1611 711 1670 solvit
726 1613 888 1669 formidine
904 1619 1019 1686 torpor,

280 1710 480 1782 adrectaeque
496 1709 618 1767 horrore
633 1727 749 1778 comae,
767 1715 798 1792 et
811 1728 874 1766 vox
889 1710 1027 1767 faucibus
1042 1709 1151 1766 haesit.

278 1807 324 1864 At
337 1807 444 1881 procul
458 1812 492 1863 ut
507 1807 600 1864 Dirae
616 1808 778 1864 stridorem
794 1807 920 1882 agnovit
935 1813 966 1864 et
980 1807 1057 1877 alas,

279 1904 389 1962 infelix
404 1905 496 1962 erinis
511 1905 623 1961 scindit
637 1906 766 1962 Iuturna
781 1905 909 1975 solutos,
1198 1909 1256 1961 870

279 2002 432 2078 unguibus
447 2020 501 2058 ora
516 2019 601 2059 soror
616 2002 747 2059 foedans
763 2007 793 2059 et
808 2008 932 2076 pectora
947 2002 1076 2078 pugnis:

424 2163 563 2224 Jatarrta
577 2165 697 2221 bewails
711 2164 757 2220 the
766 2165 833 2237 sata
848 2141 889 2237 of
905 2164 1036 2220 Turnus.

284 2277 384 2350 ‘Quid
398 2296 479 2335 nunc
494 2284 524 2335 tc
541 2283 604 2348 tua,
620 2279 735 2345 Turne,
752 2284 855 2352 potest
868 2297 1013 2354 germana
1027 2276 1152 2336 iuvare?

281 2377 346 2433 Aut
360 2376 432 2448 quid
449 2376 509 2432 iam
524 2376 618 2433 durae
633 2383 759 2450 superat
773 2374 866 2433 mibi?
907 2378 974 2449 Qua
989 2376 1045 2433 tibi
1060 2376 1158 2433 lucem

282 2477 347 2529 arte
363 2470 483 2529 morer?
524 2473 623 2529 Talin'
639 2492 765 2547 possum
780 2492 827 2531 me
842 2491 996 2548 opponere
1011 2471 1168 2539 monstro?

281 2572 347 2627 Iam
364 2571 423 2627 iarn
437 2570 542 2642 linquo
557 2570 649 2628 acies.
695 2571 743 2628 Ne
758 2589 805 2628 me
821 2576 931 2628 terrete
947 2572 1115 2640 timentem,
1198 2577 1255 2629 875
1359 2590 1361 2595 ·

280 2668 431 2726 obscenae
446 2668 603 2725 volucres:
628 2667 745 2725 alarum
759 2669 887 2725 verbera
902 2687 996 2727 nosco

280 2765 460 2838 letalemque
476 2783 595 2836 sonum,
609 2784 668 2823 nec
684 2766 796 2824 fallunt
810 2766 894 2823 iussa
908 2768 1039 2841 superba

280 2863 467 2940 magnanimi
481 2863 576 2920 Iovia.
620 2864 708 2921 Haec
724 2882 779 2937 pro
794 2865 968 2939 virginitate
982 2863 1122 2939 reponit?

281 2961 348 3034 Quo
363 2962 459 3019 vitam
473 2962 559 3019 dedit
573 2962 749 3019 aeternam?
791 2962 852 3020 Cur
866 2964 973 3020 mortis
988 2964 1131 3036 adempta
1145 2952 1202 3020 est'

280 3058 440 3116 condicio?
481 3060 609 3116 Possem
624 3066 727 3117 tantos
743 3060 828 3117 finire
843 3061 962 3118 dolores
1197 3067 1255 3117 880

280 3174 361 3214 nunc
374 3162 457 3214 certe
473 3162 504 3213 et
518 3158 629 3213 misero
644 3158 734 3214 fratri
749 3176 851 3215 eomes
866 3159 908 3215 ire
925 3176 978 3231 per
992 3158 1133 3213 umbras!

250 3306 257 3337 ¹
271 3306 394 3367 Parthus,
407 3307 522 3371 repeated
531 3309 577 3372 scr
589 3307 717 3372 emphasis.

249 3388 366 3459 ²deon
378 3408 428 3438 was
440 3408 456 3438 a
469 3392 517 3455 city
530 3392 556 3439 ir
573 3391 641 3442 Crete
648 3409 657 3450 ,·
674 3390 729 3440 licre
741 3391 801 3440 used
810 3393 856 3457 for
868 3408 900 3440 aa
913 3390 1048 3441 inhabitant
1060 3393 1091 3457 os
1102 3391 1153 3441 dar
1165 3393 1222 3458 citp.

249 3472 260 3503 ³
272 3480 330 3521 sata
341 3474 435 3532 Nocte,
449 3490 486 3521 see
499 3472 515 3521 l.
529 3474 586 3523 846.

248 3554 259 3586 ⁴
271 3556 341 3604 alitis
355 3594 361 3605 .
374 3592 380 3603 .
394 3592 399 3604 .
412 3556 539 3618 figuram:

434 3642 449 3665 “
457 3636 507 3687 ste
519 3637 615 3702 dwary's
626 3638 667 3687 lter
678 3638 737 3705 lupe
752 3640 904 3705 proportione
916 3639 986 3689 down

385 3760 387 3764 .
459 3719 496 3769 To
508 3720 564 3769 bird
575 3721 683 3787 espany
694 3722 981 3773 size.”-cosmor0s.

247 3794 259 3829 ⁶
270 3796 364 3858 bustis,
376 3797 456 3845 tomba.
