2817 4300
183 373 247 438 210
365 391 582 438 sunacrrous
604 390 707 438 raom
729 391 842 437 marm
866 391 1046 439 aurfloas.

182 561 250 636 pari
265 567 418 618 armatura
433 561 647 634 sequebantur.
691 562 831 618 Armenii
845 562 1049 637 quadraginta
1069 562 1164 620 millia
1177 563 1233 620 mi-

184 663 289 715 serant
303 659 450 732 peditum,
467 658 581 714 additis
599 664 717 732 septem
738 658 870 714 millibus
892 659 1038 732 equitum.
1082 661 1231 735 Hyrcani,

184 755 298 830 egregii
320 759 354 811 ut
376 755 455 811 inter
476 755 545 812 illas
567 761 687 832 gentes,
712 774 769 813 sex
793 755 889 812 millia
911 756 1121 830 expleverant,
1146 759 1233 831 equis

183 851 359 910 militatura.
394 852 543 909 Derbices
557 853 761 928 quadraginta
772 853 866 910 millia
881 853 1016 928 peditum
1028 860 1230 912 armaverant.

183 950 325 1007 Pluribus
340 967 409 1007 aero
424 956 477 1007 aut
491 951 575 1007 ferro
589 951 743 1026 praefixae
758 952 877 1020 hastae,
893 951 1017 1025 quidam
1031 951 1147 1026 lignum
1162 953 1233 1028 igne

183 1047 386 1116 duraverant3
408 1048 464 1104 hos
479 1065 598 1122 quoque
613 1048 674 1104 duo
689 1048 783 1104 millia
798 1049 933 1121 equitum
952 1067 992 1104 ex
1014 1049 1120 1106 eadem
1141 1055 1233 1125 gente

183 1145 329 1202 comitata
344 1150 425 1202 sunt.
469 1144 499 1200 A
522 1143 635 1218 Caspio
656 1145 732 1201 mari
754 1150 823 1202 octo
842 1144 968 1201 millium
982 1146 1125 1219 pedester
1145 1165 1231 1203 exer-

183 1243 262 1300 citus
277 1248 413 1311 venerat,
424 1242 548 1300 ducenti
559 1243 687 1316 equites.
726 1241 802 1299 Cum
817 1242 863 1299 his
875 1247 962 1299 erant
977 1242 1125 1318 ignobiles
1137 1244 1233 1302 Asiae

183 1346 309 1416 gentes:
338 1341 399 1397 duo
424 1340 518 1397 millia
536 1339 690 1415 peditum,
716 1339 852 1413 equitum
876 1339 1027 1413 duplicem
1049 1347 1234 1414 paraverant

183 1455 350 1494 numerum.
381 1436 440 1493 His
452 1438 547 1511 copiis
559 1437 685 1512 triginta
695 1436 788 1492 millia
801 1435 998 1505 Graecorum,
1012 1438 1150 1494 mercede
1161 1456 1233 1494 con-

183 1535 286 1604 ducta,
300 1535 439 1611 egregiae
454 1534 635 1608 juventutis,
647 1535 769 1607 adjecta
785 1539 866 1590 sunt.
911 1533 993 1590 Nam
1008 1533 1187 1591 Bactrianos
1203 1541 1234 1592 et

183 1631 367 1707 Sogdianos,
384 1637 415 1689 ct
436 1631 542 1701 Indos,
560 1637 737 1704 ceterosque
760 1631 841 1686 rubri
863 1631 955 1687 maris
978 1631 1110 1700 accolas,
1128 1632 1235 1708 ignota

183 1728 275 1786 etiam
289 1729 349 1803 ipsi
363 1729 500 1804 gentium
514 1729 649 1798 nomina,
665 1728 824 1784 festinatio
838 1727 1020 1802 prohibebat
1034 1729 1136 1785 acciri.

328 1977 395 2032 105.
440 1977 562 2032 AEuaas
583 1993 730 2032 nuswnas
752 1975 878 2032 L1cna's
900 1976 1085 2033 anrnmes.

265 2129 286 2158 “
298 2124 370 2181 Non
384 2124 542 2181 Diomedis
558 2140 651 2197 equos
667 2141 722 2181 nec
738 2141 857 2181 currum
871 2123 970 2180 cernis
984 2123 1115 2181 Achillis

263 2226 316 2278 aut
330 2222 481 2297 Phrygiae
496 2239 639 2295 campos:
663 2239 743 2277 nunc
757 2220 829 2277 belli
843 2221 913 2276 finis
928 2225 959 2277 et
974 2222 1041 2277 aevi

262 2318 309 2374 his
324 2319 446 2375 dabitur
459 2318 581 2375 terris.''
623 2318 748 2375 Vesano
763 2317 836 2374 talia
850 2318 910 2375 late

262 2416 344 2473 dicta
359 2416 464 2472 volant
477 2415 591 2491 Ligeri.
636 2414 697 2473 Sed
713 2433 774 2472 non
789 2421 820 2472 et
833 2415 943 2474 Troius
958 2416 1047 2473 heros

262 2512 345 2570 dicta
360 2519 448 2586 parat
462 2518 585 2570 contra:
604 2512 736 2569 iaculum
751 2531 821 2569 nam
836 2518 957 2585 torquet
972 2512 1001 2567 in
1018 2513 1148 2570 hostem.

262 2610 403 2686 Lucagus
417 2616 452 2666 ut
467 2627 581 2683 pronus
595 2610 733 2685 pendens
748 2610 779 2666 in
794 2610 921 2667 verbera
935 2608 996 2665 telo

261 2708 420 2765 admonuit
434 2707 565 2783 biiugos,
581 2708 717 2780 proiecto
732 2708 803 2763 dum
818 2708 895 2781 pede
909 2706 998 2764 laevo

262 2814 347 2883 aptet
361 2827 394 2865 se
409 2826 542 2883 pugnae,
559 2809 642 2865 subit
655 2826 726 2865 oras
741 2810 830 2865 hasta
844 2826 898 2883 per
912 2808 988 2865 imas

261 2906 409 2982 fulgentis
422 2906 524 2979 clipei,
541 2910 606 2962 tum
619 2906 741 2963 laevum
757 2906 894 2979 perforat
909 2905 1039 2981 inguen:

262 3020 409 3062 excussus
425 3020 514 3060 curru
528 3002 728 3060 moribundus
743 3002 877 3060 volvitur
892 3003 984 3060 arvis.

261 3100 357 3174 Quem
372 3101 441 3174 pius
455 3101 580 3157 Aeneas
595 3100 685 3157 dictis
700 3100 823 3158 adfatur
837 3100 967 3157 amaris:

262 3204 284 3232 “
297 3199 430 3274 Lucage,
447 3197 531 3253 nulla
545 3202 614 3254 tuos
630 3215 735 3254 currus
750 3198 826 3273 fuga
841 3198 944 3272 segnis
959 3215 1104 3269 equorum
1171 3270 1174 3277 Ι

259 3296 395 3370 prodidit
409 3300 462 3352 aut
476 3313 574 3353 vanae
589 3300 707 3353 vertere
722 3313 762 3351 ex
777 3293 915 3351 hostibus
930 3296 1073 3351 umbrae:

260 3394 325 3467 ipse
340 3393 415 3450 rotis
431 3393 543 3451 saliens
558 3392 629 3468 iuga
643 3392 792 3449 deseris.''
834 3392 921 3450 Haec
936 3392 979 3449 ita
993 3392 1077 3448 fatus

261 3490 388 3564 arripuit
400 3491 521 3567 biiugos
532 3508 539 3559 ;
563 3491 661 3548 frater
674 3490 821 3547 tendebat
835 3489 941 3546 inertis

261 3588 371 3645 infelix
385 3588 514 3661 palmas,
530 3606 619 3645 curru
634 3586 777 3661 delapsus
793 3587 919 3644 eodem:

262 3686 354 3741 “Per
369 3690 410 3753 te,
427 3702 482 3758 per
495 3685 546 3757 qui
561 3690 591 3741 te
607 3684 699 3741 talem
714 3702 846 3760 genuere
862 3696 1015 3757 parentes,

194 3828 197 3831 ,
259 3780 464 3847 vir-Troiane,
483 3780 549 3836 sine
563 3780 643 3836 hanc
657 3780 790 3836 animam
805 3785 836 3837 et
850 3780 992 3838 miserere
1007 3780 1194 3854 precantia.”
