2817 4300
544 393 663 440 SHORT
685 391 883 439 Exmncrs

594 624 642 678 78.
672 623 836 680 Jurrrrra.

226 771 249 829 J
250 772 381 846 uppiter,
396 769 520 829 Saturni
532 775 563 828 et
574 769 706 845 Cybeles
717 769 808 839 filius,
822 773 984 843 postquam
995 773 1113 843 patrem
1125 768 1240 844 egisset

187 869 217 925 in
234 870 351 945 fugam,
368 886 497 944 regnum
511 869 616 924 mundi
631 886 700 924 oum
715 867 863 923 fratribus
879 867 921 924 ita
935 866 1051 936 divisit,
1069 871 1104 922 ut
1121 865 1238 922 coelum

188 967 245 1022 sibi
275 966 455 1034 vindicaret,
485 982 581 1038 aquas
610 965 768 1039 Neptuno,
800 964 915 1020 inferos
944 963 1066 1020 Plutoni
1089 964 1239 1038 regendos

188 1063 387 1136 permitteret.
432 1063 504 1119 Non
525 1063 576 1120 diu
599 1061 795 1135 tranquillum
824 1078 952 1137 regnum
979 1060 1104 1128 habuit3
1133 1061 1238 1116 Tellus

188 1161 279 1231 enim,
302 1161 407 1218 Titani
428 1179 517 1231 uxor,
534 1160 642 1217 dolens
663 1160 741 1216 filios
763 1177 835 1216 suos
856 1159 986 1216 Titanas
1008 1176 1026 1215 a
1046 1159 1125 1216 Jove
1148 1159 1238 1215 inter-

187 1259 299 1329 fectos,
327 1257 478 1335 Gigantes
507 1258 689 1332 procreavit,
721 1257 800 1314 mole
827 1257 1004 1330 viribusque
1033 1257 1236 1330 spectand0s3

186 1357 250 1431 qui,
267 1358 421 1431 congestis
437 1357 468 1413 in
483 1354 636 1413 cumulum
653 1355 821 1424 montibus,
837 1354 948 1412 Jovem
970 1354 1056 1412 coelo
1077 1354 1238 1411 detrudere

186 1454 325 1530 aggressi
340 1460 430 1521 sunt3
453 1453 507 1510 sed
523 1451 703 1510 fulminibus
725 1451 846 1526 dejecti,
864 1456 895 1508 et
916 1451 980 1508 suis
1002 1452 1107 1508 obtriti
1128 1452 1237 1509 monti-

185 1551 255 1620 bus,
273 1568 389 1624 poenas
402 1550 475 1608 Jovi
490 1550 612 1607 dedere.
656 1549 768 1607 Vocati
783 1550 822 1606 ab
840 1549 893 1606 illo
913 1549 944 1605 in
966 1548 1037 1606 belli
1060 1553 1091 1606 et
1113 1550 1238 1623 periculi

185 1653 306 1723 partem
332 1647 396 1716 Dii,
423 1664 492 1704 cum
514 1665 547 1704 se
574 1647 719 1721 imparem
746 1665 838 1703 unum
860 1651 907 1704 tot
926 1647 1066 1704 hostibus
1088 1648 1236 1717 crederet,

185 1746 231 1803 sio
258 1744 429 1821 Gigantum
457 1750 624 1818 conspectu
653 1745 868 1819 perterrefacti
896 1749 978 1813 sunt,
1011 1750 1044 1802 ut
1072 1762 1177 1802 omnes
1207 1745 1236 1800 in

185 1844 362 1918 Aegyptum
391 1842 538 1916 fugerint,
563 1841 664 1915 ibique
693 1843 751 1898 sub
779 1842 872 1899 variis
900 1842 1100 1898 animantium
1129 1843 1237 1899 formis

184 1940 341 1997 latuerint.
386 1939 468 1996 Hinc
493 1939 610 1995 facturn
639 1944 673 1996 nt
697 1938 815 1996 belluas
840 1940 988 2014 Aegyptii
1016 1938 1151 1996 colerent
1182 1958 1238 2014 pro

184 2037 372 2094 numinibus.
419 2035 559 2093 Bacchus
595 2041 698 2094 tamen
735 2037 836 2110 specie
871 2035 967 2094 leonis
1003 2035 1138 2106 indutus,
1174 2055 1237 2094 rem

184 2140 307 2193 strenue
323 2134 544 2208 aliquantisper
557 2134 655 2211 gessit
669 2135 811 2191 hortante
829 2134 920 2203 Jove,
936 2139 968 2191 et
989 2134 1106 2204 Evohe,
1124 2133 1154 2192 id
1177 2141 1235 2204 est,

183 2235 282 2308 Eupo,
295 2233 358 2307 fili,
375 2232 591 2308 ingeminante.

223 2330 368 2404 luppiter
390 2336 533 2403 pacatum
555 2330 685 2403 adeptus
708 2347 844 2404 regnum,
868 2348 970 2386 curam
994 2330 1032 2386 ad
1058 2330 1237 2399 formandos

183 2429 321 2486 homines
341 2427 481 2484 contulit.
526 2427 605 2483 Eum
627 2426 764 2483 imitatus
786 2426 984 2483 Prometheus
1005 2426 1096 2483 finxit
1117 2432 1237 2483 statuas

183 2526 333 2599 quasdam
357 2524 513 2581 hominum
537 2542 578 2580 ex
603 2523 721 2598 argilla,
747 2522 874 2596 illasque
896 2528 985 2596 rapto
1008 2542 1024 2579 e
1050 2540 1137 2580 curru
1162 2524 1236 2579 solis

183 2624 253 2699 igne
265 2622 423 2680 animavit.
467 2621 641 2678 Promethei
653 2620 855 2678 temeritatem
871 2620 994 2696 indigne
1010 2620 1113 2678 ferens
1128 2621 1148 2680 J
1150 2620 1236 2694 uppi-

184 2726 241 2790 ter,
272 2720 431 2795 nogotium
458 2718 598 2776 Vulcano
625 2718 721 2787 dedit,
746 2722 779 2775 ut
807 2735 874 2774 eum
904 2717 935 2773 in
964 2717 1104 2776 Caucaso
1132 2722 1235 2774 monte

183 2818 344 2893 religaret:
374 2816 494 2873 addidit
515 2814 676 2882 vulturem,
708 2814 759 2887 qui
787 2814 917 2872 laniaret
938 2814 1056 2872 viscera
1078 2815 1108 2872 in
1137 2832 1235 2872 novos

185 2916 336 2972 cruciatus
351 2912 555 2971 renascentia.
594 2911 795 2969 Severitatem
806 2913 826 2970 J
828 2912 895 2969 ovis
907 2912 1009 2985 inique
1021 2912 1156 2969 tulerunt
1168 2930 1236 2969 oae-

185 3012 242 3069 teri
256 3011 319 3081 Dii,
336 3029 372 3068 ao
387 3010 550 3067 doluerunt
568 3010 650 3082 quod
671 3008 730 3065 sibi
752 3009 805 3066 uni
827 3009 1058 3066 formandorum
1079 3010 1236 3067 hominum

185 3111 235 3182 jus
257 3113 423 3183 arrogaret.
469 3106 580 3179 Quare,
598 3106 718 3163 collatis
742 3106 852 3163 studiis
875 3111 906 3164 et
927 3106 1113 3175 muneribus
1132 3107 1235 3163 mulio-

185 3224 248 3261 rem
263 3206 418 3273 effinxere,
429 3221 520 3278 quam
535 3204 708 3260 Pandoram
724 3204 928 3277 appellarunt,
945 3204 1032 3277 quasi
1047 3222 1087 3260 ex
1102 3205 1235 3261 omnium

185 3303 274 3359 donis
290 3303 463 3359 conflatam.
500 3300 645 3374 luppiter
662 3300 812 3374 Superum
827 3301 1033 3376 arrogantiam
1048 3301 1176 3371 ulturus
1194 3302 1235 3358 illi

184 3400 340 3474 capsulam
369 3399 465 3468 dedit,
496 3397 606 3455 infelix
635 3415 762 3465 munus3
793 3398 823 3454 in
853 3416 920 3455 eam
949 3398 1061 3472 quippe
1089 3406 1236 3473 congesta

185 3503 273 3555 erant
293 3496 396 3555 omnia
418 3501 544 3553 naturae
566 3495 656 3551 mala.
701 3496 792 3552 Hanc
810 3496 954 3553 Pandora
969 3514 1060 3569 quum
1075 3496 1236 3553 detulisset

185 3596 225 3654 ad
249 3595 474 3669 Epimetheum‚
497 3592 671 3650 Promethei
693 3593 832 3663 fratrem,
857 3592 917 3662 ille,
942 3592 1089 3667 impulsus
1112 3593 1235 3650 curiosi-

183 3698 248 3751 tate
263 3710 370 3766 prava,
383 3692 459 3761 sive,
472 3695 506 3748 ut
522 3690 572 3747 alii
587 3695 724 3751 narrant,
739 3692 806 3763 ejus
822 3708 910 3759 uxor,
925 3691 1081 3764 capsulam
1098 3690 1234 3763 aperuit3

184 3808 226 3849 ex
240 3806 336 3863 eaque
351 3793 455 3861 pestes
469 3788 569 3845 omnis
584 3787 706 3861 generis
721 3787 751 3842 in
767 3787 870 3843 orbem
891 3792 1040 3844 terrarum
1062 3786 1234 3857 evolarunt,
