2817 4300
198 365 239 429 58
385 378 599 426 sennonteus
624 378 726 424 neom
748 376 860 423 111111
883 376 1063 423 1111110111.

253 550 481 607 sumere-odi
510 549 589 606 enirn
616 549 837 618 celebritatem,
864 548 950 624 fugio
975 547 1125 619 homines,
1151 548 1252 607 lucem

253 648 389 721 aspicere
405 647 458 703 vix
473 664 647 720 possum-
656 651 739 702 esset
752 645 825 701 mihi
837 645 898 701 ista
913 644 1057 713 solitud0,
1071 647 1252 719 praesertim

252 750 316 802 tam
337 743 481 801 familiari
502 744 533 800 in
554 743 633 812 loco,
656 760 719 799 non
733 739 871 810 ¹amara3
894 743 949 799 sed
966 742 1084 799 itineris
1102 760 1194 800 causa
1214 748 1252 801 ut

251 838 456 911 ²devorterer,
476 841 605 914 primum
628 847 675 897 est
694 837 844 908 ³devium,
865 840 976 897 deinde
996 841 1035 896 ab
1052 841 1204 897 Autronio
1219 846 1252 898 et

220 948 236 995 5
253 940 362 996 ceteris
377 939 549 1012 quadridui,
567 937 677 996 deinde
693 938 759 994 sine
775 944 823 1007 te;
841 956 910 994 nam
926 938 1084 995 castellum
1101 939 1250 995 munitum

253 1037 403 1093 habitanti
419 1036 492 1093 mihi
506 1037 679 1110 prodesset,
695 1036 869 1093 transeunti
884 1054 945 1093 non
961 1041 1010 1092 est
1030 1037 1246 1094 necessarium.

253 1133 341 1205 Quod
356 1133 383 1189 si
398 1134 552 1204 auderem,
569 1133 711 1190 Athenas
726 1123 879 1207 pe'terem3
903 1151 976 1190 sane
991 1134 1035 1190 ita
1056 1135 1198 1202 cadebat,
1215 1139 1250 1189 ut

252 1230 379 1288 vellem:
402 1249 482 1288 nunc
497 1236 528 1287 et
543 1231 639 1287 nostri
654 1232 758 1287 hostes
774 1230 816 1286 ibi
831 1236 947 1288 suntet
967 1236 997 1288 te
1019 1248 1080 1288 non
1101 1231 1249 1288 habemus

252 1333 283 1385 ct
305 1346 445 1385 veremur
465 1346 503 1385 ne
525 1324 781 1402 ⁴interpretentur
805 1327 879 1385 illud
900 1345 1020 1401 quoque
1042 1329 1188 1403 oppidum
1210 1328 1249 1384 ab

200 1425 344 1482 101talia
371 1442 433 1481 non
462 1425 537 1482 satis
567 1426 687 1495 abesse,
715 1443 772 1482 nec
793 1426 913 1494 scribiS,
936 1444 1027 1500 quam
1053 1426 1092 1482 ad
1113 1425 1193 1483 diem
1218 1430 1249 1482 te

252 1527 478 1596 exspectemus,
541 1521 591 1600 (2)
624 1522 713 1596 Quod
749 1541 797 1580 me
829 1524 869 1580 ad
897 1523 991 1580 vitam
1020 1541 1125 1592 vocae,
1155 1541 1249 1579 unum

252 1621 356 1687 efficis,
371 1608 408 1677 ¹ut
430 1639 447 1676 a
467 1639 516 1677 me
538 1639 646 1677 manus
669 1621 849 1691 abstineam,
865 1621 993 1678 alterum
1014 1640 1076 1678 non
1097 1626 1197 1696 potes,
1214 1625 1249 1678 ut

252 1735 299 1774 me
315 1735 376 1774 non
392 1718 489 1774 nostri
504 1717 621 1774 consilii
637 1717 778 1791 vitaeque
794 1718 968 1791 paeniteat:
990 1719 1064 1791 quid
1086 1719 1166 1775 enim
1188 1723 1247 1786 est,

214 1827 217 1834 ’
252 1817 334 1889 quod
354 1835 402 1872 me
423 1815 565 1885 retineat,¹
590 1815 769 1889 praesertim
795 1816 821 1872 si
847 1833 918 1889 spes
943 1835 980 1872 ea
1002 1834 1061 1872 non
1084 1822 1142 1884 est,
1169 1833 1248 1889 quae

200 1921 235 1969 15
252 1931 308 1970 nos
330 1913 552 1987 proficiscentis
574 1911 834 1986 prosequebatur?
880 1913 951 1970 Non
977 1913 1089 1970 faciam
1115 1918 1148 1970 ut
1177 1931 1249 1970 enu-

252 2029 364 2068 merem
386 2010 524 2066 miserias
546 2010 656 2079 omnis,
673 2010 704 2066 in
725 2028 801 2083 quas
816 2011 909 2069 incidi
930 2029 985 2086 per
1005 2029 1153 2068 summam
1172 2011 1249 2067 iniu-

252 2107 327 2165 riam
351 2112 381 2165 et
403 2107 502 2165 scelus
524 2125 587 2164 non
608 2112 672 2165 tam
693 2107 883 2165 inimicorum
904 2127 1039 2167 meorum
1060 2127 1151 2183 quam
1172 2108 1249 2165 invi·

252 2206 371 2275 dorum,
389 2224 426 2262 ne
442 2210 473 2262 et
487 2223 586 2262 meum
602 2223 769 2263 maerorem
782 2203 953 2282 ⁵exagitem
969 2213 1000 2264 et
1014 2212 1044 2264 te
1066 2207 1097 2263 in
1119 2207 1248 2263 eundem

252 2302 366 2360 luctum
395 2319 518 2359 vocem:
549 2303 606 2359 hoc
635 2304 773 2370 adfirmo,
804 2304 955 2362 nominem
984 2322 1126 2377 umquam
1161 2308 1249 2361 tanta

199 2406 237 2456 20
253 2399 425 2457 calamitate
441 2418 509 2455 esse
521 2401 689 2469 adfectum,
702 2400 816 2458 nemini
832 2406 957 2457 mortem
971 2402 1068 2477 magis
1082 2401 1248 2476 optandam

253 2498 361 2565 fuisse,
379 2497 463 2554 cuius
485 2499 676 2571 oppetendae
698 2503 820 2571 tempus
842 2499 1089 2556 honestissimum
1114 2503 1249 2573 praeter-

252 2596 378 2651 missum
394 2600 459 2663 est3
482 2595 597 2668 reliqua
612 2600 751 2671 tempora
765 2602 838 2653 sunt
852 2616 913 2653 non
928 2602 991 2654 tam
1006 2598 1045 2654 ad
1066 2598 1249 2655 medicinam

252 2709 343 2765 quam
359 2693 398 2748 ad
413 2692 503 2747 finem
518 2692 643 2749 doloris
693 2692 742 2769 (3)
762 2692 809 2749 De
824 2712 856 2750 re
871 2693 993 2767 publica
1006 2695 1096 2752 video
1113 2700 1144 2752 te
1166 2694 1248 2752 colli-

252 2802 323 2865 gere
338 2789 451 2857 omnia,
469 2806 546 2862 quae
566 2795 655 2863 putes
671 2790 803 2863 aliquam
819 2809 903 2864 spem
923 2791 995 2848 mihi
1017 2809 1107 2865 posse
1130 2793 1248 2850 adferre

199 2894 235 2942 25
251 2887 465 2943 mutandarum
504 2904 615 2953 rerum,
652 2904 741 2959 quae,
778 2905 960 2961 quamquam
998 2884 1128 2964 “exigua
1163 2895 1246 2960 sunt,

252 2989 366 3053 temen,
386 2984 529 3056 quoniam
551 2984 662 3057 placet,
685 2992 909 3059 exspectemus
953 2987 1002 3043 Tu
1020 2987 1115 3044 nihilo
1135 2988 1246 3057 minus,

252 3082 278 3136 si
306 3081 490 3154 properaris,
517 3099 574 3137 nos
603 3098 807 3155 consequere3
837 3101 908 3140 nam
936 3089 990 3141 aut
1013 3085 1192 3141 accedemus
1217 3085 1247 3141 in

252 3178 378 3252 Epirum
393 3182 446 3235 aut
460 3179 548 3234 tarde
563 3196 617 3251 per
639 3177 827 3236 Candaviam
850 3181 970 3237 ibimus.
1015 3181 1248 3239 Dubitationem

241 3308 249 3339 1
263 3321 361 3366 amara,
374 3307 450 3356 briter.

240 3388 251 3420 ²
263 3390 414 3437 devorterer
429 3388 613 3451 (deverserert
626 3389 681 3438 with
693 3390 858 3454 siynr'fication
870 3392 902 3456 of
913 3390 1005 3441 middle
1016 3393 1089 3443 voice.

239 3470 250 3502 ³
262 3472 369 3519 devium
384 3472 503 3535 (de-via).

216 3548 219 3552 ’
238 3552 249 3585 4
262 3554 475 3615 interpretentur,
488 3553 609 3604 conclude.
641 3552 729 3603 Nolicc
741 3554 777 3603 tle
790 3554 891 3619 implied
906 3554 986 3622 laxity
997 3558 1030 3622 of
1040 3556 1078 3605 the
1095 3558 1205 3608 Romans
1222 3558 1248 3607 in

195 3630 319 3694 ensorciny
331 3629 367 3677 the
380 3630 549 3692 requirements
561 3630 592 3693 of
603 3630 759 3678 baaiskment.

238 3710 249 3743 ὅ
261 3712 402 3773 exagitem,
416 3712 461 3759 stir
472 3729 511 3774 up.

238 3792 249 3825 θ
261 3794 371 3854 exigua:
388 3810 442 3857 syn.
454 3808 561 3855 parvus,
574 3794 699 3845 minutus.
