2817 4300
190 384 231 447 32
364 401 584 446 snnnorrons
609 401 713 446 naon
733 398 850 446 namn
874 400 1062 447 nunnons.

244 571 372 629 consilio
400 572 513 628 Porum
539 588 658 645 quoque
680 588 791 645 agmen
812 587 901 627 suum
922 571 949 626 ei
974 572 1065 644 parti,
1088 590 1180 646 quam
1204 592 1240 631 sc

244 674 347 744 petere
383 668 557 738 simulabat,
588 667 690 743 coegit
725 668 894 724 advertere.
937 669 1009 725 dam
1044 675 1132 726 extra
1167 690 1240 728 con·

245 771 382 840 spectum
397 765 495 822 hostis
517 765 616 821 insula
637 770 714 822 erat.
758 765 936 821 Alexander
957 765 989 820 in
1009 765 1131 823 diversa
1152 774 1239 841 parte

244 863 327 937 ripae
357 862 450 919 statui
484 881 571 919 suum
607 862 836 919 tabernaculum
871 863 973 935 jussit,
1004 863 1239 938 *assuetamque

211 961 380 1018 tcomitari
413 960 511 1034 ipsum
541 962 694 1018 cohortem
724 965 795 1016 ante
825 960 857 1016 id
886 961 1115 1018 tabernaculum
1144 968 1237 1032 stare,

245 1064 276 1116 et
310 1076 431 1115 omnem
466 1065 646 1133 apparatum
685 1058 787 1133 regiae
823 1058 1066 1133 magnificentiae
1107 1060 1240 1117 hostium

244 1156 340 1214 oculis
365 1157 402 1212 de
421 1156 570 1212 industria
584 1156 715 1212 ostendi.
760 1154 911 1224 Attalum,
935 1160 967 1212 et
988 1157 1145 1229 aequalem
1167 1158 1238 1228 sibi,

244 1259 276 1310 et
303 1254 385 1311 haud
408 1254 560 1327 disparem
587 1253 692 1308 habitu
718 1253 781 1308 oris
804 1257 836 1309 et
859 1253 994 1326 corporis
1024 1244 1143 1330 (utique
1172 1256 1240 1312 cbm

245 1351 349 1424 procul
391 1348 556 1426 viseretur)
605 1355 690 1406 veste
734 1350 819 1425 regit
857 1355 997 1420 exornat,
1034 1353 1242 1425 praebiturum

192 1455 229 1505 10
245 1449 377 1522 speciem
392 1448 493 1522 ipsum
506 1449 620 1524 Regem
637 1448 679 1504 illi
699 1448 783 1521 ripae
798 1448 983 1521 praesidere,
999 1466 1057 1506 nec
1071 1450 1188 1525 agitare
1202 1450 1241 1507 de

245 1547 386 1603 transitu.
424 1543 526 1620 Huju's
542 1546 660 1603 consilii
675 1548 818 1601 effectum
832 1545 930 1618 primo
944 1551 1063 1603 morata
1073 1553 1241 1620 tempestas

245 1650 302 1714 est,
326 1663 399 1702 mox
420 1645 557 1718 adjuvit:
581 1643 773 1701 incommoda
794 1644 914 1716 quoque
936 1644 976 1700 ad
996 1643 1093 1701 bonos
1113 1651 1241 1703 eventus

245 1747 383 1800 vertente
408 1743 543 1798 fortuna.
586 1741 743 1814 Trajicere
768 1759 889 1797 amnem
909 1759 977 1797 cum
996 1742 1125 1798 caeteris
1145 1743 1242 1816 copiis

244 1839 276 1896 in
301 1840 462 1915 regionem.
478 1839 596 1896 insulae
623 1839 676 1915 (dc
696 1840 757 1911 qua
779 1837 850 1894 ante
872 1839 986 1895 (lictum
1008 1839 1070 1913 est)
1092 1841 1240 1913 parabat3

192 1945 228 1993 15
245 1955 353 1994 averso
368 1938 456 1993 hoste
472 1937 502 1992 in
520 1953 585 2005 eos,
602 1935 654 2009 qui
676 1953 745 1992 cum
765 1934 943 1992 Ptolemaeo
962 1936 1139 1994 interiorem
1154 1938 1241 1994 obse·

246 2035 355 2090 derant
375 2034 491 2107 ripam:
515 2034 583 2090 cum
602 2028 751 2107 1procella
770 2033 896 2089 imbrem
911 2033 965 2089 vix
981 2033 1038 2089 sub
1055 2034 1144 2091 tectis
1166 2035 1242 2091 tole-

245 2133 371 2190 rabilem
392 2132 510 2202 effudit,
534 2131 694 2205 Obrutique
715 2130 827 2187 milites
848 2130 952 2188 nimbo
974 2131 1005 2187 in
1026 2135 1139 2189 terram
1159 2134 1242 2190 refu-

244 2236 365 2307 gerunt,
383 2232 512 2306 navigiis
528 2232 704 2303 ratibusque
724 2228 865 2285 desertis.
911 2229 971 2286 Sed
993 2230 1243 2287 tumultuantium

245 2329 395 2397 fremitus,
432 2327 682 2402 obstrepentibus
717 2326 802 2400 ripiS,
833 2326 873 2382 ab
908 2326 995 2383 hoste
1032 2345 1092 2383 non
1121 2334 1243 2401 poterat

192 2432 230 2482 20
246 2426 352 2483 audiri.
396 2424 516 2481 Deinde
538 2430 691 2481 momento
717 2423 862 2497 temporis
886 2441 1043 2497 repressus
1065 2430 1113 2481 est
1134 2425 1239 2483 imber.

245 2521 407 2580 Caeterum
426 2523 502 2579 adeb
521 2517 654 2595 ²spissae
675 2518 832 2577 intendere
848 2538 880 2577 sc
896 2521 1004 2591 nubea,
1021 2526 1055 2578 ut
1076 2521 1244 2579 conderent

244 2618 353 2689 lucem,
371 2620 483 2692 vixque
498 2618 734 2690 colloquentium
750 2618 829 2674 inter
843 2617 928 2690 ipsos
943 2617 1040 2674 iacies
1055 2618 1242 2675 noscitarcn-

246 2722 305 2774 tur.
357 2716 531 2773 Terruisset
554 2712 663 2771 ³alium
685 2715 819 2771 obducta
839 2732 902 2770 nox
926 2714 1022 2784 coelo,
1047 2716 1115 2772 cum
1136 2715 1243 2791 ignoto

247 2832 335 2871 amne
350 2813 555 2888 navigandum
571 2817 664 2882 essct,
681 2811 813 2868 forsitan
827 2812 915 2867 hoste
930 2830 996 2867 eam
1012 2812 1110 2885 ipsam
1131 2812 1240 2887 ripam,

192 2919 229 2969 25
246 2929 337 2986 quam
373 2909 456 2968 caeci
488 2915 579 2983 atque
608 2908 781 2983 improvidi,
812 2912 844 2965 et
871 2927 910 2966 ex
945 2909 1079 2982 periculo
1113 2910 1243 2986 gloriam

245 3006 453 3066 ⁴accersentes
484 3007 642 3080 petebant,
673 3010 861 3079 occupante:
904 3006 1134 3077 obscuritatem,
1164 3026 1242 3082 quac

246 3111 385 3164 caeteros
407 3104 552 3173 terrebat,
577 3120 662 3159 suam
685 3104 876 3159 occasionem
898 3108 995 3174 ratus,
1011 3103 1085 3161 dato
1105 3105 1194 3180 signo
1208 3110 1244 3161 ut

245 3220 352 3261 omnes
367 3202 488 3259 silentio
511 3202 712 3259 ascenderent
733 3200 764 3255 in
784 3204 879 3270 rates,
895 3218 973 3270 eam,
990 3203 1051 3274 qua
1072 3201 1137 3275 ipse
1153 3203 1243 3259 vehe-

246 3302 346 3371 batur,
370 3301 499 3375 primam
520 3300 613 3373 jussit
640 3296 762 3371 expelli.
805 3296 913 3355 Vacua
941 3302 1008 3355 crat
1036 3299 1075 3355 ab
1105 3299 1243 3355 hostibus

193 3407 231 3457 30
246 3400 323 3473 ripa,
353 3416 421 3472 quae
448 3398 626 3471 petebatur:
658 3396 771 3468 quippe
796 3395 895 3451 adhuc
917 3396 1015 3451 Porus
1035 3396 1245 3453 Ptolemaeum

193 3571 225 3621 Α.
241 3571 321 3621 Jnsstt
330 3569 465 3619 cohortem
475 3574 608 3616 assuetam
618 3567 739 3615 comitari
752 3566 838 3627 ipsum
848 3571 917 3613 stare
927 3572 988 3613 ante
997 3566 1024 3613 id
1034 3566 1243 3614 tabernaculum.

270 3730 280 3764 1
292 3730 417 3792 procella,
429 3746 445 3776 a
458 3727 542 3778 violent
555 3726 629 3775 wind.
709 3724 720 3756 ⁸
732 3726 822 3783 alium,
834 3724 986 3771 understand
997 3725 1191 3786 imperatorem.

269 3811 281 3844 ⁹
292 3813 400 3874 spissae,
413 3810 492 3867 dense,
712 3806 723 3839 ⁴
735 3811 906 3864 accersentes,
918 3806 1028 3868 atriviny.
