2817 4300
560 395 728 458 vnnem's
752 411 887 456 mrum.

249 587 342 655 atque
356 581 456 638 omnis
470 580 592 639 facibus
606 581 704 655 pubes
719 581 888 656 accingitur
902 581 986 638 atris.

249 675 548 752 ¹Diripue1efocos3
571 675 706 752 ²piceum
721 679 783 734 fert
798 678 916 734 fumida
930 678 1031 735 lumen
1211 689 1248 738 75

248 777 340 832 taeda
354 782 386 834 et
400 777 597 834 commixtam
611 775 768 833 Volcanus
783 775 822 831 ad
837 781 920 831 astra
936 776 1084 833 favillam.

289 873 364 946 Quis
379 875 467 944 deuS,
483 893 503 931 ο
517 892 634 943 musae,
652 879 716 931 tam
731 891 823 930 saeva
838 872 979 930 incendia
994 873 1119 930 Teucris

249 970 381 1028 avertit?
422 972 541 1028 Tantos
556 971 674 1028 ratibus
688 971 756 1043 quis
772 969 890 1043 depulit
904 969 1010 1046 ignes?

248 1068 361 1124 Dicite.
408 1069 535 1125 *Prisca
549 1069 625 1125 fides
640 1069 737 1137 lact0,
755 1067 809 1123 sed
824 1068 909 1122 fama
923 1069 1076 1140 perennis

386 1271 516 1345 Cybelc's
530 1273 638 1345 cppeul
652 1280 680 1328 tc
696 1273 828 1344 Jupiter,
846 1273 907 1327 aad
921 1274 960 1327 its
975 1275 1063 1346 effect,

248 1402 400 1476 Tempore
414 1421 475 1476 quo
490 1403 618 1476 primum
633 1403 769 1478 Phrygia
783 1403 936 1459 formabat
950 1403 981 1459 in
997 1405 1053 1460 Ida
1209 1413 1247 1462 80

248 1498 374 1555 Aeneas
388 1500 519 1556 classem
534 1506 566 1556 ct
580 1499 680 1574 pelagi
695 1506 798 1573 petere
814 1499 877 1555 alta
892 1501 1032 1574 parabat,

248 1597 316 1670 ipsa
330 1598 420 1653 deum
436 1597 534 1653 fertur
548 1597 689 1672 genetrix
703 1593 903 1673 3Berecyntia
919 1615 1061 1674 magnum

247 1694 373 1750 vocibus
388 1695 436 1750 his
451 1695 559 1751 adfata
573 1695 696 1751 Iovem:
723 1694 802 1764 ‘Da,
820 1701 902 1762 nate,
919 1695 1046 1768 petenti,

248 1791 280 1847 id
294 1792 377 1864 quod
391 1797 444 1848 tua
459 1810 531 1848 cara
544 1809 655 1865 parens
670 1791 786 1848 domito
801 1796 831 1848 te
847 1792 946 1864 poscit
961 1791 1102 1866 Olympo,

252 1886 364 1964 [Pinea
379 1889 458 1946 silva
473 1884 561 1958 mihi,·
573 1889 684 1945 multos
699 1889 812 1945 dilecta
827 1906 882 1962 per
896 1887 1008 1966 annos]
1208 1899 1244 1947 85

247 1984 334 2042 lucus
348 1986 380 2041 in
395 2004 463 2042 arce
479 1984 540 2042 fuit
554 2004 682 2055 summa,
699 2003 760 2059 quo
776 2003 864 2042 sacra
879 1986 1029 2056 forebant,

247 2083 382 2159 nigranti
396 2083 482 2157 picea
496 2083 693 2157 trabibusque
709 2083 856 2139 obscurus
873 2083 1009 2140 acernis:

247 2181 303 2237 has
318 2199 376 2256 ego
390 2180 548 2237 Dardanio
563 2181 676 2248 iuveni,
693 2198 761 2237 cum
777 2180 885 2237 classis
901 2188 1015 2257 egeret,

247 2277 434 2347 laetadedi3
457 2296 537 2335 nunc
552 2277 713 2334 sollicitam
729 2278 820 2335 timor
835 2279 945 2335 auxius
960 2276 1071 2354 4angit.

247 2374 339 2433 Solve
355 2381 453 2432 metus
468 2381 559 2448 atque
573 2375 631 2432 hoc
646 2376 786 2448 precibus
801 2372 882 2432 ⁵sine
898 2394 989 2449 posse
1005 2384 1184 2449 parentum:
1207 2386 1245 2434 90

246 2490 285 2529 ne
300 2490 390 2529 cursu
405 2478 568 2545 quassatae
584 2472 644 2528 ullo
659 2490 719 2529 neu
734 2472 854 2529 turbine
869 2473 953 2530 venti

246 2549 419 2640 vincantur,
437 2570 534 2644 prosit
548 2570 660 2626 nostris
676 2571 707 2625 in
722 2570 877 2626 montibus
893 2571 999 2627 ortas.'

246 2668 341 2724 Filius
356 2669 426 2724 huic
441 2672 559 2735 contra,
575 2673 697 2740 torquet
712 2668 763 2740 qui
780 2668 880 2724 sidera
895 2670 1017 2725 mundi:

248 2764 297 2823 ιΟ
311 2766 464 2841 genetrix,
481 2782 541 2837 quo
555 2766 623 2820 fata
637 2784 743 2833 vocae,
761 2771 814 2822 aut
828 2766 901 2839 quid
917 2767 995 2840 petis
1011 2767 1099 2823 istis?

247 2864 411 2919 Mortaline
427 2863 634 2918 manufactae
650 2862 820 2919 immortale
835 2864 955 2920 carinae
1206 2874 1242 2922 95

247 2962 296 3017 fas
311 2962 443 3017 habeant
458 2967 618 3032 certusque
634 2960 750 3017 incerta
765 2961 899 3034 pericula
913 2960 1022 3017 lustret

246 3057 390 3116 Aeneas?
432 3056 489 3113 Cui
503 3063 590 3113 tauta
604 3058 663 3114 deo
678 3059 826 3131 permissa
842 3057 1000 3132 potestas?

246 3156 344 3212 Immo
358 3156 410 3211 ubi
425 3156 587 3211 defunctae
602 3157 692 3212 finem
709 3163 874 3230 portusque
890 3157 1038 3212 tenebunt

355 3328 389 3377 A.
411 3329 489 3376 Fides
501 3328 575 3375 facto
587 3336 639 3374 erat
651 3328 746 3389 prisca,
760 3329 805 3375 sed
817 3328 890 3375 fama
903 3335 943 3376 est
955 3330 1083 3389 perennis,

290 3484 300 3517 1
313 3486 444 3547 diripuere
456 3485 539 3543 focos,
551 3484 604 3548 they
616 3483 730 3547 strupped
742 3484 778 3531 rte
784 3482 925 3547 firepluces.
959 3485 1003 3534 See
1015 3484 1030 3532 l.
1043 3487 1098 3546 (560,
1112 3486 1161 3535 Bk.
1177 3486 1203 3537 V.

289 3567 301 3598 ²
312 3568 424 3629 piceum,
436 3567 467 3630 os
475 3566 550 3631 pitclr.
1112 3563 1115 3569 '

289 3648 478 3710 ³Berecyntia‚
496 3647 569 3713 Cpbel
583 3685 588 3695 .

289 3732 300 3763 4
312 3732 394 3793 ungit,
407 3730 538 3779 distresses.

289 3813 376 3873 ⁶sine,
388 3814 529 3877 imperative
542 3814 618 3862 moed.
