2817 4300
553 405 673 452 snonr
696 405 895 452 exraacrs.
1185 385 1246 454 177

194 574 326 634 colebat.
369 575 403 632 Is
424 592 518 648 quum
540 575 571 632 in
592 575 674 650 agris
696 593 787 632 arans
803 581 885 633 esset
897 575 1053 645 inventus,
1071 575 1181 634 sudore
1196 575 1247 633 de·

194 677 287 743 terso,
304 677 410 748 togam
423 677 616 747 praetextam
631 673 760 746 accepit,
775 677 816 741 et,
829 671 928 730 caesis
942 672 1093 742 hostibus,
1106 671 1248 730 liberavit

194 769 373 826 exercitum.
431 769 546 826 Postea
580 769 740 844 imperium
774 771 933 828 consulare
962 769 1105 840 cessavit,
1136 774 1168 826 et
1193 787 1248 844 pro

193 867 313 924 duobus
328 867 505 925 consulibus
520 867 626 924 decem
640 867 714 925 facti
730 873 813 937 sunt,
823 857 881 940 'qui
896 885 1045 924 summam
1062 871 1247 942 potestatem

193 965 352 1035 haberent,
369 965 544 1023 Decemviri
559 965 718 1022 nominati.

233 1062 310 1119 Post
321 1062 430 1138 viginti
441 1062 552 1119 deinde
562 1080 660 1120 annos
670 1063 817 1120 Veientes
828 1063 1061 1120 rebellaverunt.
1105 1061 1247 1119 Dictator

193 1164 302 1216 contra
328 1159 413 1234 ipsos
441 1160 553 1216 missus
578 1164 626 1218 est
653 1160 764 1217 Furius
785 1159 943 1229 Camillus,
965 1160 1018 1233 qui
1040 1160 1169 1234 primum
1192 1177 1245 1216 eos

192 1256 268 1313 vicit
282 1256 365 1326 acie3
387 1274 461 1314 mox
475 1257 568 1314 etiam
582 1257 740 1314 civitatem
755 1257 806 1314 diu
822 1257 967 1313 obsidens
989 1259 1081 1331 cepit,
1098 1257 1245 1330 antiquis-

193 1353 303 1411 simam
317 1354 426 1411 Italiae
441 1361 534 1428 atque
545 1355 739 1411 ditissimam.
783 1354 860 1411 Post
874 1372 941 1411 eam
954 1355 1035 1429 cepit
1049 1361 1080 1412 et
1094 1355 1243 1425 Faliscos,

193 1469 255 1508 non
277 1452 378 1508 minus
399 1451 533 1509 nobilem
554 1452 709 1509 civitatem
721 1471 730 1524 ;
752 1452 807 1508 sed
830 1457 982 1509 commota
1004 1458 1052 1510 est
1072 1452 1101 1510 ei
1117 1453 1244 1524 invidia,

192 1549 275 1622 quod
291 1549 436 1623 praedam
456 1549 535 1606 male
556 1549 724 1619 divisisset,
741 1549 964 1622 damnatusque
979 1550 1019 1606 ob
1040 1567 1108 1607 eam
1122 1567 1246 1608 causam

193 1650 225 1703 et
239 1645 386 1719 expulsus
400 1646 525 1704 civitate
540 1652 597 1704 est.

234 1741 346 1801 Statim
370 1742 454 1802 Galli
482 1742 620 1801 Senones
648 1744 687 1800 ad
709 1743 815 1800 urbem
838 1749 1004 1813 veneruut3
1038 1748 1070 1801 et
1090 1745 1246 1802 Romanos

193 1841 275 1914 apud
289 1840 400 1897 flumen
414 1839 528 1897 Alliam
540 1840 639 1898 victos
655 1839 763 1908 secuti,
777 1841 869 1897 etiam
884 1841 989 1897 urbem
1000 1848 1244 1915 occupaverunt3

193 1955 291 2011 neque
306 1938 433 1995 defendi
446 1938 613 2011 quidquam
628 1937 688 1994 nisi
701 1937 878 2012 capitolium
896 1938 1006 2011 potuit.
1050 1938 1139 2012 Quod
1153 1957 1246 2012 quum

192 2035 244 2091 diu
266 2035 473 2105 obsedissent,
489 2039 521 2092 et
541 2036 605 2108 jam
626 2035 757 2092 Romani
772 2035 853 2092 fame
869 2035 1054 2106 laborarent,
1071 2055 1090 2092 a
1104 2035 1244 2106 Camillo,

192 2131 296 2206 quiin
318 2132 420 2191 vicina
442 2132 568 2191 civitate
592 2132 765 2202 exsulabat,
789 2132 863 2191 victi
885 2138 975 2190 sunt:
999 2137 1107 2208 postea
1128 2138 1244 2204 tamen,

192 2235 321 2305 accepto
348 2230 441 2287 etiam
465 2248 539 2288 auro
561 2248 600 2288 ne
622 2228 798 2304 capitolium
823 2231 1011 2301 obsiderent,
1034 2237 1244 2303 recesserunt3

192 2345 270 2401 quos
298 2332 422 2385 secutus
447 2326 594 2385 Camillus
621 2328 666 2385 ita
686 2328 815 2397 cecedit,
838 2332 872 2384 ut
897 2333 928 2385 et
948 2346 1065 2398 aurum,
1088 2330 1170 2403 quod
1198 2330 1246 2387 his

192 2425 298 2482 datum
327 2426 438 2494 fuerat,
465 2430 497 2483 et
524 2425 627 2482 omnia
654 2425 798 2482 militaria
826 2426 916 2501 signa
943 2432 1111 2483 revocaret.
1155 2427 1245 2485 Titus

192 2521 336 2595 Quintius
357 2522 490 2580 dictator
511 2524 659 2580 adversus
680 2521 801 2592 Gallos,
816 2523 870 2596 qui
890 2522 921 2579 in
943 2523 1063 2580 Italiam
1084 2530 1243 2596 venerant,

192 2620 305 2676 missus
326 2624 385 2677 est.
429 2620 472 2676 Hi
486 2624 572 2677 trans
587 2619 739 2677 Anienem
753 2620 877 2676 fiuvium
891 2621 1104 2678 consederant.
1149 2622 1246 2679 Nobi-

192 2716 326 2773 lissimus
340 2718 379 2775 de
394 2718 599 2787 senatoribus,
616 2717 706 2797 Titus
727 2716 874 2786 Manlius,
890 2716 1015 2775 Gallum
1030 2719 1070 2775 ad
1090 2718 1244 2795 singulare

192 2819 347 2872 certamen
367 2819 586 2889 provocantem
607 2815 737 2883 occidit3
761 2818 899 2888 torquem
922 2832 1045 2873 aureum
1062 2816 1197 2886 sustulit,
1215 2822 1246 2874 et

191 2910 223 2968 in
239 2910 317 2969 collo
331 2930 388 2968 suo
402 2912 565 2985 imposuit3
587 2912 697 2985 quade
711 2930 744 2968 re
759 2911 790 2968 in
806 2918 984 2986 perpetuum
999 2913 1058 2969 sibi
1072 2919 1103 2970 et
1114 2914 1245 2987 posteris

192 3026 362 3084 cognomen
387 3009 535 3082 Torquati
556 3009 685 3083 accepit.
740 3007 823 3067 Galli
845 3010 945 3084 fugati
966 3018 1048 3067 suut.
1092 3011 1170 3067 Mox
1191 3030 1246 3085 per

192 3104 228 3163 C.
245 3104 414 3180 Sulpicium
435 3105 616 3164 dictatorem
638 3106 731 3163 etiam
752 3106 826 3165 victi
840 3113 922 3164 sunt.
967 3108 1044 3165 Mox
1058 3125 1150 3181 quum
1171 3107 1245 3184 legi-

191 3220 266 3260 ones
294 3205 450 3278 profectae
478 3208 582 3261 essent
610 3203 757 3261 adversus
786 3202 904 3272 Gallae,
928 3206 1005 3263 duce
1033 3205 1128 3263 Lucio
1152 3206 1245 3262 Furio

191 3298 332 3371 Camillo,
348 3302 474 3375 quidam
494 3319 534 3358 ex
555 3299 655 3359 Gallis
676 3320 770 3358 unum
791 3319 808 3359 e
830 3302 987 3373 Romanis,
1003 3304 1056 3377 qui
1070 3308 1152 3361 esset
1165 3305 1245 3378 opti-

192 3416 271 3468 mus,
292 3399 482 3473 provocavit.
534 3399 613 3456 Tum
632 3417 666 3456 se
686 3399 812 3457 Marcus
835 3400 987 3467 Valerius,
1010 3402 1150 3459 tribunus
1169 3402 1245 3458 mili-

192 3501 268 3564 tum,
294 3496 424 3565 obtulit;
447 3501 480 3555 et
503 3515 596 3571 quum
621 3498 824 3571 processisset
852 3504 998 3569 armatuS,
1021 3518 1131 3558 corvus
1160 3500 1187 3557 ei
1213 3500 1243 3557 in

192 3593 282 3667 galea
301 3595 451 3652 consedit.
495 3595 584 3664 Mox,
610 3596 774 3653 commissa
802 3596 949 3653 adversus
978 3595 1100 3654 Gallum
1129 3615 1242 3673 pugna,

194 3690 273 3747 idem
289 3708 399 3748 corvus
414 3692 472 3749 alis
487 3698 518 3750 et
533 3692 686 3768 unguibus
701 3690 785 3751 Galli
804 3692 909 3751 oculos
923 3694 1113 3751 verberavit:
1137 3694 1181 3751 ita
1197 3701 1242 3765 ut,

193 3804 212 3843 a
232 3787 354 3845 tribuno
377 3786 502 3846 Valerio
525 3789 720 3859 interfectus,
743 3808 804 3847 non
831 3788 927 3847 solum
953 3790 1112 3849 victoriam
1134 3792 1173 3861 ei,
1190 3793 1245 3850 sed
