2817 4300
523 360 642 415 snoar
665 359 864 408 nxraacrs.
1156 345 1219 412 199

167 535 269 590 aetate
290 535 322 590 et
340 532 502 606 posteriori
523 536 659 606 tempore
681 532 747 590 fere
769 532 893 606 primus.
946 532 980 590 Is
1001 530 1221 610 Carthaginem

167 629 290 686 Novam
318 629 411 703 capit,
441 629 471 684 in
500 612 563 702 qua
589 646 678 686 omne
708 647 813 686 aurum
842 634 873 688 et
901 635 1061 706 argentum
1089 636 1121 689 et
1148 631 1220 690 belli

166 731 349 800 apparatum
366 725 439 782 Afri
460 726 625 783 habebant.
668 725 763 783 Anno
784 727 902 784 decimo
924 716 1033 800 quarto
1056 733 1219 804 postquam

166 824 198 880 in
212 823 335 881 Italiam
350 823 507 880 Hannibal
518 828 645 880 venerat
659 822 773 898 Scipio,
787 824 894 882 consul
908 825 1022 904 factus,
1036 826 1067 882 in
1078 826 1220 886 Africam

167 922 315 990 mittitur;
351 922 400 979 cui
425 921 490 978 viro
515 921 650 978 divinum
676 921 821 994 quiddam
846 923 947 980 inesse
973 924 1217 994 existimabatur,

166 1021 245 1076 adeo
268 1024 303 1077 ut
317 1024 475 1094 putaretur
499 1019 592 1076 etiam
614 1037 683 1076 cum
707 1020 880 1077 numinibus
902 1020 1015 1079 habere
1036 1039 1217 1080 sermonem.

166 1117 199 1174 Is
228 1116 412 1192 Syphacem,
435 1117 598 1175 Numidiae
620 1135 734 1192 regem,
757 1119 810 1191 qui
835 1135 868 1174 se
890 1119 979 1174 Afris
1002 1121 1217 1192 conjunxerat,

166 1215 260 1289 capit.
306 1214 443 1290 Syphax,
457 1233 524 1273 cum
540 1215 738 1271 nobilissimis
754 1216 896 1272 Numidis
912 1221 944 1272 et
959 1217 1085 1273 infinitis
1100 1218 1218 1290 spoliis,

166 1331 186 1369 a
200 1311 343 1386 Scipione
359 1313 488 1370 Romam
503 1314 650 1382 mittitur;
674 1331 734 1386 qua
753 1332 785 1370 re
799 1314 917 1383 audita,
933 1314 1033 1370 omnis
1048 1316 1114 1372 fere
1129 1316 1221 1373 Italia

166 1411 373 1468 Hannibalem
394 1411 525 1468 deserit:
559 1412 625 1485 ipse
647 1429 666 1471 a
687 1409 994 1487 Carthaginiensibus
1023 1412 1055 1469 in
1079 1413 1221 1472 Africam

166 1508 265 1566 redire
289 1509 424 1581 jubetur,
450 1527 543 1582 quarn
568 1507 671 1582 Scipio
696 1510 850 1566 vastabat.
900 1509 950 1566 Ita
979 1528 1061 1566 anno
1089 1511 1221 1583 septimo

165 1607 285 1663 decimo
304 1607 343 1662 ab
364 1607 539 1663 Hannibale
561 1606 652 1663 Italia
672 1606 803 1664 liberata
824 1613 882 1675 est,
900 1624 991 1680 quam
1013 1608 1088 1664 flens
1110 1609 1221 1665 dicitur

166 1703 336 1776 reliquisse.
395 1705 532 1761 Infertnr
560 1723 579 1760 a
607 1703 749 1777 Scipione
778 1709 809 1761 et
844 1704 1023 1774 Masinissa,
1055 1705 1115 1762 alio
1148 1723 1220 1782 rege

167 1801 381 1863 Numidarum,
398 1802 450 1875 qui
465 1801 630 1858 amicitiam
644 1819 713 1859 curn
729 1801 871 1875 Scipione
895 1803 1024 1871 fecerat,
1040 1800 1221 1879 Carthagini
1288 1823 1289 1826 ¹

166 1899 290 1956 bellurn.
342 1899 500 1956 Hannibal
527 1904 590 1956 tres
619 1899 830 1972 exploratores
859 1899 898 1955 ad
934 1898 1088 1974 Scipionis
1120 1906 1221 1958 castra

167 1996 261 2065 misit,
278 2013 355 2069 quos
370 2002 477 2070 captos
494 1997 596 2070 Scipio
612 1997 796 2054 circumduci
812 2015 866 2070 per
880 2001 983 2053 castra
996 1997 1102 2070 jussit,
1118 2003 1221 2055 osten·

166 2094 258 2167 dique
279 2097 382 2151 totum⁴
398 2094 578 2164 exercitum,
600 2112 675 2151 mox
704 2095 796 2151 etiam
821 2094 981 2169 prandium
1007 2094 1085 2164 dari,
1108 2112 1220 2169 eosque

166 2192 291 2261 dimitti,
321 2197 355 2249 ut
388 2193 599 2249 renuntiarent
634 2192 802 2249 Hannibali
837 2210 915 2266 quae
951 2194 1032 2267 apud
1065 2194 1221 2250 Romanos

167 2289 328 2346 vidissent.
372 2290 496 2347 Interea
511 2290 657 2363 proelium
671 2291 712 2345 ah
728 2295 855 2363 utroque
871 2292 947 2347 duce
962 2291 1145 2348 instructum
1160 2296 1219 2360 est,

166 2386 257 2459 quale
272 2387 325 2443 vix
341 2386 402 2443 ulla
416 2387 561 2444 memoria
575 2388 646 2456 fuit,
663 2405 756 2461 quum
771 2388 930 2462 peritisimi
946 2388 1003 2445 viri
1020 2388 1127 2462 copias
1149 2406 1220 2445 snas
1300 2438 1302 2443 ,

166 2485 207 2541 ad
235 2484 347 2541 bellum
376 2485 550 2542 educerent.
599 2482 702 2559 Scipio
730 2483 841 2543 victor
862 2487 988 2553 recedit,
1020 2504 1117 2560 paene
1152 2486 1221 2559 ipso

166 2582 342 2639 Hannibale
363 2587 465 2655 capto,
487 2583 539 2655 qui
560 2583 779 2657 primumcum
801 2584 904 2641 multis
927 2584 1092 2658 equitibus,
1109 2584 1220 2641 deinde

166 2698 235 2736 cum
250 2679 370 2754 viginti,
385 2685 541 2755 postremo
554 2698 623 2738 cum
645 2685 800 2754 quattuor,
818 2682 927 2739 evasit.
971 2683 1048 2739 Post
1070 2683 1101 2739 id
1123 2686 1220 2739 certa-

167 2794 237 2834 rnen
260 2795 321 2850 pax
343 2795 411 2834 cum
432 2776 737 2853 Carthaginiensibus
758 2780 841 2836 facta
862 2784 920 2837 cst.
965 2778 1069 2853 Scipio
1090 2780 1219 2838 Romam

167 2874 268 2944 rediit,
285 2879 316 2931 et
335 2875 452 2951 ingenti
473 2875 570 2951 gloria
591 2876 801 2950 triumphavit,
819 2880 910 2950 atque
931 2876 1100 2935 Africanus
1121 2895 1161 2934 ex
1183 2894 1220 2935 eo

167 2971 316 3045 appellari
334 2977 461 3047 coeptus
476 2979 533 3030 est.

195 3214 246 3271 93.
275 3215 476 3272 Annxnnnsa
496 3232 591 3273 vrsrrs
610 3233 673 3272 rna
694 3215 827 3273 Terrena
848 3231 888 3273 or
908 3216 1043 3273 Jurmnu
1063 3216 1196 3275 Annona

207 3362 367 3439 Aegyptii,
383 3363 457 3420 olim
470 3364 633 3420 Persarum
647 3364 757 3437 opibus
773 3363 895 3433 infensi,
912 3362 1125 3421 Alexandrum
1146 3365 1219 3423 laeti

166 3468 358 3536 receperunt.
402 3462 432 3517 A
447 3461 584 3536 Memphi
599 3479 655 3517 rex
669 3462 700 3517 in
720 3461 864 3518 interiora
885 3465 1045 3535 penetrat3
1069 3463 1218 3536 composi-

167 3559 267 3633 tisque
282 3562 372 3617 rebus
387 3559 442 3630 ita,
459 3565 493 3618 ut
508 3560 580 3616 nihil
596 3577 635 3617 ex
651 3559 750 3633 patrio
771 3560 993 3635 Aegyptiorum
1016 3577 1098 3617 more
1121 3565 1218 3617 muta-

167 3644 325 3722 retadire
339 3658 428 3716 Jovis
449 3658 610 3715 Ammonis
631 3657 787 3715 oraculum
809 3658 928 3715 statuit.
973 3656 1143 3730 Quatriduo
1164 3676 1218 3731 per

167 3758 273 3813 vastas
288 3755 469 3813 solitudines
483 3756 658 3829 absumpto,
675 3756 799 3813 tandem
821 3755 860 3811 ad
882 3754 985 3813 sedern
1007 3761 1217 3813 consecratam
