2817 4300
168 377 209 442 84
350 390 566 437 sunncrrons
589 390 691 436 reon
714 390 828 436 unrnv
850 390 1033 438 Aurnons.

84 598 87 604 ·
168 569 225 620 505
241 561 430 620 Adcelerant
443 565 513 617 acta
527 559 642 635 pariter
656 560 810 618 testudine
824 559 928 618 Volsoi

242 664 273 716 et
287 660 387 716 fossas
402 658 526 732 implere
543 662 654 731 parant
668 675 704 714 ac
718 657 829 714 vellere
845 657 968 714 vallum.

242 755 400 830 Quaerunt
412 772 485 829 pars
500 754 615 811 aditum
630 760 663 812 et
676 754 767 812 scalis
782 756 948 812 ascendere
963 773 1077 826 muros,

242 873 302 928 qua
316 871 385 910 rara
399 858 448 910 est
461 852 543 910 acies
558 851 778 926 interlucetque
794 869 907 910 corona

242 970 304 1009 non
319 960 381 1008 tam
395 947 512 1024 ¹spissa
527 951 611 1008 viris.
655 951 798 1007 Telorum
815 951 968 1008 effundere
983 957 1089 1008 contra

169 1058 227 1109 510
242 1068 331 1107 omne
345 1066 442 1125 genus
457 1049 566 1106 Teucri
582 1066 618 1106 ac
632 1048 715 1105 duris
731 1048 893 1106 detrudere
906 1045 1033 1119 200ntis,

243 1147 363 1205 adsueti
376 1144 485 1223 3longo
499 1164 601 1204 muros
616 1146 782 1204 defendere
797 1145 887 1204 bello.

243 1245 327 1304 Saxa
341 1262 461 1319 quoque
476 1244 593 1301 infesto
606 1243 773 1301 volvebant
788 1243 934 1317 pondere,
951 1245 1038 1317 siqua

243 1348 370 1417 possent
384 1347 498 1400 tectam
512 1341 609 1399 aciem
623 1359 836 1415 perrumpere:
860 1358 928 1398 cum
943 1346 1045 1398 tamen
1059 1343 1158 1399 omnis

244 1443 321 1498 serre
337 1441 422 1497 iuvat
436 1440 540 1496 subter
555 1440 651 1496 densa
666 1439 820 1496 testudine
835 1457 943 1508 casus3

171 1547 227 1596 515
244 1538 368 1595 neciam
379 1537 540 1594 sufficiunt.
566 1536 646 1592 Nam
656 1533 850 1612 qua⁴globus
860 1537 997 1594 imminet
1005 1537 1124 1612 ingens,

244 1635 406 1690 immanem
420 1634 531 1691 Teucri
544 1633 655 1690 molem
668 1633 856 1706 volvuntque
871 1638 1032 1707 ruuntque,
1121 1677 1127 1686 .

245 1750 322 1805 quae
337 1731 447 1788 stravit
461 1731 590 1787 Rutulos
605 1730 666 1787 late
682 1748 893 1803 armorumque
908 1731 1035 1788 resolvit

246 1828 390 1903 tegmina.
434 1829 501 1886 Nec
516 1834 624 1884 curant
638 1845 730 1886 caeco
746 1827 928 1885 contendere
943 1829 1045 1886 Marte

245 1926 374 2001 amplius
389 1926 521 1983 audaces
537 1924 652 1994 Rutuli,
669 1925 724 1981 sed
740 1924 851 1998 pellere
866 1925 948 1982 vallo

173 2030 231 2081 520
246 2023 411 2080 missilibus
427 2027 556 2080 certant.

245 2121 337 2179 Parte
352 2119 412 2177 alia
426 2119 596 2178 horrendus
610 2119 679 2177 visu
693 2120 861 2193 quassabat
876 2120 1038 2179 Etruscam

246 2220 350 2294 pinum
365 2224 397 2276 et
410 2218 571 2275 fumiferos
585 2218 680 2274 infert
693 2218 867 2274 Mezentius
882 2218 980 2293 ignis3

247 2322 280 2374 at
293 2317 457 2390 Messapus
473 2332 581 2388 equum
597 2314 739 2383 domitor,
756 2314 914 2389 Neptunia
929 2316 1041 2390 proles,

246 2414 393 2472 rescindit
406 2413 519 2471 vallum
534 2417 566 2469 et
579 2411 679 2469 scalas
694 2411 725 2468 in
740 2412 861 2469 moenia
875 2414 986 2486 poscit.

173 2519 230 2568 525
285 2512 362 2580 Vos,
379 2530 398 2568 o
413 2509 560 2584 Calliope,
577 2525 695 2583 precor,
712 2509 867 2583 adspirate
883 2510 1004 2569 canenti

246 2627 322 2683 quas
337 2609 380 2665 ibi
394 2614 458 2665 tum
472 2610 552 2665 ferro
566 2604 713 2682 ⁵strages,
729 2625 806 2680 quae
823 2609 932 2665 funera
946 2609 1068 2666 Turnus

247 2706 386 2772 ediderit,
403 2723 493 2779 quem
507 2704 634 2778 quisque
648 2704 747 2761 virum
762 2704 917 2763 demiserit
932 2703 1031 2775 Orco;

248 2809 278 2861 et
292 2821 409 2860 mecum
424 2802 557 2878 ingentis
572 2819 643 2858 oras
657 2801 789 2859 evolvite
804 2803 886 2859 belli.

251 2898 294 2977 [et
307 2900 485 2956 meministis
498 2900 589 2968 enim,
603 2898 702 2965 divae,
720 2905 746 2954 et
760 2916 926 2956 memorare
936 2899 1077 2978 potestis]

322 3138 382 3194 The
397 3139 459 3211 fall
478 3140 516 3211 os
530 3138 577 3194 tlte
591 3146 690 3207 tower,
709 3140 771 3195 aad
786 3138 874 3195 death
888 3138 926 3210 of
934 3137 1075 3195 Helenor.

175 3271 232 3321 530
287 3263 394 3320 Turris
409 3268 475 3321 erat
489 3269 579 3321 vasto
592 3260 754 3337 “suspectu
769 3270 800 3320 et
813 3260 974 3337 ⁷pontibus
989 3263 1071 3331 altis,

247 3366 420 3435 opportuna
434 3359 513 3431 locO,
530 3361 655 3417 summis
670 3378 761 3433 quam
776 3360 892 3417 viribus
906 3378 1013 3417 omnes

207 3557 216 3589 ¹
230 3558 322 3619 spissa,
334 3573 387 3620 syn.
401 3557 504 3605 densus.
689 3555 700 3588 ⁵
713 3563 821 3618 strages,
833 3572 945 3620 sarneya

207 3639 218 3671 ²
230 3640 322 3698 contis,
332 3637 406 3702 poles.
423 3669 425 3672 v
688 3638 700 3670 ⁶
713 3645 837 3700 suspectu
847 3661 871 3681 =
881 3638 1029 3687 altitudine.

207 3720 218 3753 ⁸
230 3723 309 3782 longo
320 3721 398 3778 bello,
411 3719 521 3784 theoloye
533 3721 565 3784 of
577 3721 648 3785 Troy.
688 3719 698 3751 ⁷
711 3721 836 3783 pontibus
851 3721 910 3782 (pro
923 3720 1071 3785 tabulatis),
1083 3720 1120 3769 tlte
1136 3719 1225 3784 planis

206 3801 218 3835 4
230 3803 332 3864 globus,
345 3817 417 3861 mass,
429 3800 510 3849 crowd
521 3803 552 3864 os
562 3800 623 3849 Vols.
742 3818 769 3849 or
777 3810 841 3865 steps
850 3801 881 3865 os
883 3809 965 3849 oscena
967 3802 1036 3865 from
1045 3810 1111 3866 story
1121 3810 1143 3850 lo
1152 3811 1224 3863 story.
