2817 4300
177 379 241 441 100
364 388 580 436 sanncrrous
602 389 704 435 raom
726 389 840 434 narni
863 389 1041 438 aurnuns,

232 558 364 618 ¹lumina
378 577 434 617 nec
444 576 589 633 generum
603 559 733 616 Aenean
749 559 871 633 captiva
886 559 1018 616 videb0.'

233 657 365 731 Accepit
379 674 484 714 vocem
499 655 632 713 lacrimis
647 656 777 712 Lavinia
790 656 896 712 matris

181 767 217 815 65
234 755 393 832 flagrantis
408 755 533 827 perfusa
547 764 654 828 genas,
670 749 758 826 ²quoi
773 753 920 827 plurimus
934 752 1056 830 ³ignem

234 853 364 910 subiecit
378 851 470 908 rubor
481 858 513 909 et
527 850 679 909 calefacta
692 868 747 924 per
762 868 815 907 ora
830 851 972 908 cucurrit.

234 950 346 1007 Indum
361 949 529 1026 sanguineo
544 949 638 1007 veluti
651 946 831 1006 ⁴violaverit
845 955 929 1005 ostro

235 1048 330 1120 siquis
342 1047 427 1116 ebur,
445 1052 499 1103 aut
513 1046 610 1102 mixta
625 1046 736 1103 rubent
750 1045 803 1102 ubi
817 1045 880 1102 lilia
894 1045 990 1102 multa

235 1145 306 1201 alba
320 1161 408 1200 rosa:
425 1142 497 1200 talis
512 1144 599 1218 virgo
613 1143 710 1200 dabat
724 1160 775 1200 ore
791 1143 920 1200 colores.

181 1250 219 1301 70
235 1241 325 1298 Illum
340 1241 445 1298 turbat
459 1257 553 1308 amor,
570 1239 695 1315 figitque
710 1241 741 1296 in
756 1240 873 1316 virgine
888 1240 1007 1296 voltusr

235 1339 322 1395 ardet
336 1337 367 1394 in
382 1355 466 1394 arma
481 1337 578 1412 magis
593 1337 759 1411 paucisque
774 1337 899 1394 adfatur
912 1338 1067 1394 Amatam.

526 1484 586 1541 The
601 1485 683 1558 replp
697 1487 736 1558 os
748 1486 879 1541 Turno-a.

224 1597 306 1666 ‘Nc,
323 1613 448 1669 quaeso,
465 1613 503 1652 ne
519 1612 566 1652 me
580 1593 715 1651 lacrimis
730 1612 806 1652 nere
822 1596 922 1652 omine
937 1601 1025 1652 tanto

235 1711 418 1769 prosequere
433 1692 464 1748 in
479 1692 545 1748 duri
560 1693 727 1749 certamina
741 1693 852 1749 Martis
868 1698 1001 1761 cuntem,

235 1791 262 1850 Ο
276 1797 373 1847 mater
385 1809 391 1858 3
409 1807 505 1863 neque
520 1789 602 1846 enim
615 1790 720 1846 Turno
735 1808 820 1846 mora
834 1789 930 1846 libera
944 1790 1061 1846 mortis.

182 1897 219 1949 75
235 1889 369 1946 Nuntius
385 1884 601 1944 haec⁵1dm0n
615 1887 750 1963 Phrygio
765 1905 832 1944 mea
847 1886 930 1944 diota
944 1893 1076 1962 tyranno

235 1985 480 2059 haudplacitura
494 1985 591 2042 refer:
607 2001 676 2041 cum
692 1985 820 2058 primurn
835 1981 986 2042 6crastina
1001 1984 1085 2042 caclo

235 2083 373 2159 puniceis
388 2083 509 2140 invecta
523 2082 600 2139 rotis
614 2082 737 2140 Aurora
751 2082 883 2153 rubebit,

236 2201 296 2240 non
312 2182 448 2239 Teucros
463 2186 536 2257 agat
551 2180 582 2237 in
597 2180 741 2251 Rutulos,
757 2181 909 2239 Teucrum
924 2198 1008 2237 arma
1022 2180 1183 2253 quiescant

237 2285 268 2337 et
282 2279 387 2336 Rutuli
400 2300 407 2349 3
423 2284 529 2335 nostro
543 2275 737 2335 ldirimamus
753 2279 901 2354 sanguine
916 2278 1040 2347 bellum,

184 2384 222 2435 80
237 2376 290 2433 illo
303 2382 467 2449 quaeratur
482 2375 615 2432 coniunx
631 2374 761 2432 Lavinia
776 2375 907 2450 campo.'

422 2522 543 2578 Turnus
557 2522 659 2579 makes
673 2524 768 2595 ready
780 2524 836 2594 sor
850 2522 896 2579 tlte
909 2525 996 2596 frop.

277 2638 364 2694 Haec
378 2636 431 2692 ubi
445 2636 528 2693 (licta
542 2636 628 2692 dedit
642 2634 827 2710 rapidusque
843 2636 874 2692 in
886 2641 968 2694 tecta
982 2638 1120 2707 recessit,

236 2734 337 2810 poscit
351 2751 445 2806 equos
460 2734 633 2809 gaudetque
649 2738 739 2791 tuens
755 2740 826 2791 ante
841 2752 895 2791 ora
909 2735 1076 2804 frementis,

236 2832 378 2889 Pilumno
392 2847 468 2902 quos
483 2830 551 2903 ipsa
565 2830 659 2887 decus
674 2831 760 2887 dedit
774 2829 925 2907 Orithyia,

237 2928 287 3003 qui
304 2928 435 2985 candore
452 2927 537 2984 nives
553 2928 717 2997 anteirent,
734 2929 873 2985 cursibus
888 2947 988 2986 auras.

183 3035 220 3084 85
237 3025 446 3083 Circumstant
461 3025 583 3099 properi
596 3020 736 3100 ⁸aurigae
752 3025 952 3098 manibusque
967 3022 1139 3082 9lacessunt

236 3128 361 3198 pectora
376 3122 484 3195 plausa
500 3124 584 3179 cavis
600 3127 631 3179 et
644 3119 750 3180 1⁰colla
765 3123 917 3180 comantia
932 3128 1068 3197 pectunt.

236 3221 308 3295 Ipse
323 3220 434 3277 dehinc
449 3237 523 3277 auro
538 3219 728 3293 squalentem
744 3219 874 3293 alboque
889 3217 909 3249 ¹¹
915 3220 1067 3277 orichalco

215 3384 224 3416 ¹
238 3384 352 3431 lumina:
371 3382 396 3430 ia
409 3380 446 3429 tle
458 3397 524 3429 sense
536 3381 568 3445 os
579 3381 670 3430 vitam.
776 3379 786 3413 ⁷
799 3381 961 3441 dirimamus,
976 3390 1021 3445 put
1032 3398 1064 3429 aa
1077 3381 1124 3430 end
1136 3390 1166 3433 to.

213 3466 225 3498 ²
237 3466 299 3527 quoi
311 3488 335 3507 =
349 3465 400 3514 cui.
775 3462 785 3496 ⁸
798 3465 914 3527 aurigae,
926 3464 1028 3514 drr'vers.

214 3548 332 3609 ⁸ignem,
345 3546 387 3595 ler
400 3545 500 3596 blusles.
774 3544 786 3578 ⁹
797 3547 939 3607 lacessunt,
953 3546 1100 3611 patruele.

213 3631 224 3664 4
238 3630 379 3680 violaverit
391 3652 416 3671 =
429 3629 544 3678 tinxerit.
766 3624 787 3662 ²⁰
799 3630 869 3678 colla
882 3632 1015 3687 comantia
1027 3636 1144 3693 pectunt,
1156 3631 1222 3679 romb

214 3712 225 3746 ⁶
237 3712 346 3761 Idmon:
365 3710 472 3761 vocative
484 3726 547 3758 cuae.
828 3710 889 3759 tlreir
901 3728 990 3760 manes.

213 3793 361 3853 ⁶crastina,
373 3792 405 3856 of
411 3800 549 3852 tomorrow,
558 3792 719 3841 tomorrcw’s.
765 3790 786 3826 Π
799 3793 940 3855 orichalco,
955 3794 986 3858 os
992 3794 1067 3843 bross.
