2817 4300
153 328 216 392 150
342 344 556 390 annnorrons
578 344 679 390 raon
701 345 813 390 naam
836 345 1014 392 surnoas

153 515 312 572 bibebant.
355 515 401 571 At
421 514 533 571 milites
554 514 684 589 legionis
707 515 866 588 septimae,
890 517 1043 573 testudine
1065 518 1150 574 facta
1173 522 1206 576 et

155 629 265 688 aggere
281 611 320 668 ad
335 611 518 668 munitiones
533 611 665 684 adjecto,
681 611 782 669 locum
797 618 943 686 ceperunt
958 631 1069 686 eosque
1092 632 1131 670 ex
1153 613 1206 670 sil-

153 710 201 766 vis
215 707 408 782 expulerunt,
422 708 527 781 paucis
541 708 717 765 vulneribus
730 710 875 783 acceptis.
907 708 968 768 Sed
984 728 1036 767 eos
1051 711 1205 786 fugientes

153 807 275 883 longius
290 805 404 864 Caesar
419 807 562 881 prosequi
576 806 684 876 vetuit,
702 811 734 863 et
747 807 828 879 quod
842 806 903 865 loci
921 812 1062 864 naturam
1084 807 1205 882 ignora-

101 949 105 954 .
154 906 219 974 bat,
236 911 267 961 et
280 905 373 977 quod,
389 922 503 979 magna
517 908 604 978 parte
619 903 679 960 diei
697 908 890 977 consumpta,
906 903 1067 960 munitioni
1089 909 1204 961 castro-

153 1019 220 1058 rum
235 1007 356 1074 tempus
370 1001 499 1073 relinqui
514 1001 648 1058 volebat.

566 1133 616 1188 31.
659 1133 792 1189 AEnnns.

194 1247 330 1316 Aeneas,
345 1247 475 1303 Veneris
490 1252 522 1303 et
535 1247 691 1303 Anchisae
708 1245 798 1316 filius,
816 1245 973 1317 Creusam,
990 1247 1103 1304 Priami
1117 1253 1204 1304 nata·

155 1362 221 1400 rum
236 1361 327 1399 unam
342 1344 482 1400 duxerat·
526 1343 553 1399 E
576 1343 691 1416 patriae
706 1343 848 1400 incendio
868 1343 989 1417 elapsus
1011 1362 1069 1417 ope
1084 1345 1201 1413 matris,

156 1447 274 1515 septem
295 1457 393 1496 annos
415 1441 528 1497 erravit
549 1440 665 1497 incerto
680 1440 768 1509 mari,
785 1440 824 1497 ob
840 1439 915 1497 iram
930 1441 1073 1511 lunonis,
1090 1441 1205 1498 nomini

155 1539 292 1612 Trojano
307 1556 426 1611 semper
436 1538 587 1593 infensae.
622 1536 680 1593 His
695 1537 872 1606 transactio,
884 1536 1098 1613 Carthaginem
1111 1539 1203 1608 venit,

155 1637 218 1705 ubi,
231 1636 486 1709 quemadmodum
498 1639 613 1691 canunt
627 1635 781 1709 Vergilius
797 1640 828 1692 et
842 1633 983 1705 Ovidius,
997 1635 1079 1692 Dido
1094 1653 1203 1693 novam

155 1733 308 1791 condebat
328 1733 452 1801 urbem3
476 1733 515 1788 ab
530 1749 625 1804 eaque
640 1733 796 1789 mensibus
819 1729 935 1804 abquot
955 1733 1141 1802 retardatus,
1158 1734 1204 1806 ju-

154 1831 247 1888 bente
265 1814 385 1887 demum
399 1829 491 1899 Jove,
508 1829 566 1886 iter
587 1829 722 1902 perrexit
743 1830 775 1885 in
796 1829 930 1897 Italiam,
948 1847 983 1886 ac
1005 1829 1087 1886 victo
1109 1830 1204 1886 Rutu-

154 1927 253 1984 lorum
267 1945 349 2002 rege,
366 1927 481 1996 Turn0,
499 1925 670 1995 Laviniam,
686 1927 768 2001 regis
783 1927 887 1982 Latini
907 1927 999 1984 filiam
1020 1943 1088 1983 cum
1110 1927 1205 1984 dotali

154 2042 250 2099 regno
264 2024 393 2097 accepit,
411 2041 447 2080 ac
461 2023 593 2080 Romani
606 2022 732 2097 Imperii
747 2024 948 2080 fundamenta
963 2024 1045 2096 jecit.

246 2188 296 2243 32.
340 2186 512 2242 Hminem
532 2202 667 2243 mroams
688 2203 749 2241 nnn
771 2186 858 2242 Krnc
880 2202 919 2243 or
939 2203 991 2241 ms
1013 2185 1114 2243 Onrn.

196 2299 354 2357 Hannibal
369 2300 445 2356 adiit
459 2318 573 2376 regem,
585 2300 671 2372 eique
686 2317 779 2372 quum
790 2299 886 2356 multa
900 2300 937 2356 de
951 2300 1010 2356 fide
1026 2318 1081 2357 sua
1093 2306 1124 2358 et
1134 2300 1205 2357 odio

156 2398 187 2454 in
209 2398 364 2453 Romanos
386 2397 695 2465 commemoravisset,
713 2397 770 2453 boc
785 2397 938 2469 adjunxit.
985 2402 1005 2430 ‘⁴
1019 2397 1145 2467 Pater,''
1160 2397 1205 2453 in·

156 2495 232 2567 quit,
246 2499 373 2564 “meuS,
384 2494 552 2563 Hamilcar,
565 2494 691 2567 puerulo
702 2511 823 2550 menon
839 2493 968 2567 amplius
983 2511 1092 2551 novem
1108 2512 1205 2551 annos

156 2597 241 2662 nate,
258 2592 290 2648 in
313 2591 498 2665 Hispaniam
522 2591 687 2664 imperator
708 2590 903 2664 proficiscens
926 2589 1111 2667 Carthagine
1132 2592 1205 2649 Jovi

156 2689 290 2745 maximo
305 2688 422 2745 hostias
436 2687 623 2756 immolavit3
645 2705 724 2761 quae
739 2688 843 2745 divina
862 2706 911 2745 res
933 2688 1005 2745 dum
1026 2689 1205 2745 conficieba-

157 2792 216 2856 tur,
233 2787 385 2858 quaesivit
399 2805 417 2843 a
431 2804 479 2842 me
494 2785 643 2843 vellemne
661 2803 765 2841 secum
786 2785 817 2841 in
839 2766 942 2842 castra
963 2786 1123 2859 proficisci.
1167 2785 1206 2843 Id

156 2900 248 2956 quum
272 2883 403 2941 libenter
425 2883 622 2956 accepissem,
646 2886 712 2939 tum
734 2882 794 2951 illc,
828 2883 996 2951 ‘Faciam,'
1023 2883 1132 2956 inquit,
1158 2883 1205 2939 ‘si

157 2982 246 3037 fidem
261 2980 335 3036 mibi
348 2998 439 3053 quam
454 2979 577 3053 postulo
592 2979 735 3049 dederis,'
749 2979 897 3053 simulque
913 2981 951 3036 ad
967 2998 1051 3036 aram
1063 2980 1203 3049 adduxit,

157 3096 283 3152 eamque
298 3078 407 3135 ceteris
422 3077 547 3134 remotis
561 3081 729 3147 tenentem,
745 3077 847 3151 jurare
862 3078 964 3149 jussit,
982 3094 1136 3149 nunquam
1158 3095 1205 3135 me

157 3176 189 3233 in
210 3176 343 3233 amicitia
364 3193 432 3232 cum
454 3174 601 3231 Romanis
623 3175 699 3230 fore.
745 3174 783 3230 Id
805 3191 862 3249 ego
884 3174 1108 3247 jusjurandum,
1126 3175 1206 3248 patri

157 3275 273 3342 datum,
290 3290 386 3345 usque
400 3273 439 3329 ad
454 3273 532 3329 banc
544 3272 625 3328 diem
638 3271 682 3327 ita
696 3271 888 3340 conservavi,
905 3276 940 3327 ut
954 3272 1066 3327 nemini
1081 3271 1206 3328 dubium

157 3388 224 3427 esse
239 3371 358 3441 debeat,
373 3369 447 3443 quin
460 3369 576 3441 reliquo
590 3374 727 3441 tempore
742 3368 847 3424 eadem
862 3372 964 3424 mente
979 3368 1036 3424 sim
1051 3368 1204 3424 tuturus''

391 3533 441 3587 33.
485 3531 515 3587 A
537 3532 748 3587 Dnscnrrrron
769 3545 808 3586 os
829 3530 973 3586 Barrnrn.

198 3639 374 3696 Britanniae
390 3656 461 3712 pars
476 3637 601 3694 interior
616 3638 655 3693 ab
670 3638 707 3693 iis
729 3636 880 3705 incolitur,
897 3654 974 3709 quos
996 3643 1085 3694 natos
1108 3637 1139 3693 in
1161 3638 1205 3693 in·

157 3735 224 3793 sula
239 3735 298 3808 ipsi
312 3736 457 3791 memoria
470 3734 624 3807 proditum
639 3733 762 3801 dicunt3
786 3733 937 3822 maritima
952 3751 1023 3806 pars
1039 3733 1077 3789 ab
1092 3732 1140 3801 iis,
1154 3732 1206 3805 qui
