2817 4300
521 367 679 436 cr'ouao's
702 385 879 437 nrrsruus.
1091 407 1096 414 ·
1181 376 1224 442 45

171 560 287 634 populo
303 565 356 616 aut
371 559 464 617 salvis
480 561 624 634 auspiciis
640 566 693 617 aut
712 561 806 617 salvis
826 561 944 635 legibus
966 569 1019 619 aut
1038 565 1170 638 denique

173 657 239 712 sine
259 657 290 712 vi
310 661 425 730 posset.
470 658 517 714 De
537 658 584 713 his
603 658 693 714 rebus
714 659 822 731 pridie,
842 676 933 730 quam
953 661 1028 716 haec
1048 663 1167 735 scripsi,

173 750 314 810 ¹senatus
330 755 495 836 auctoritas
515 755 698 829 gravissima
718 755 908 823 intercessit3
932 757 981 813 cui
1001 775 1068 814 cnm
1092 757 1169 816 Cato

173 857 205 908 et
220 850 367 908 Caninius
383 853 638 920 intercessissent,
656 857 758 908 tamen
772 859 821 909 est
837 854 1024 928 perscripta:
1048 875 1114 912 eam
1130 858 1169 915 ad

172 955 204 1006 te
221 949 347 1006 missam
363 967 430 1006 esse
450 949 589 1005 arbitror.
633 949 681 1005 De
700 950 809 1006 ceteris
829 951 931 1021 rebus,
948 953 1091 1026 quicquid
1112 954 1170 1011 erit
1205 963 1222 1012 5

174 1053 287 1116 actum,
305 1047 436 1103 scribam
450 1046 490 1102 ad
508 1051 537 1103 te
553 1051 594 1116 et,
612 1052 751 1119 utquam
765 1047 934 1105 rectissime
950 1055 1069 1125 agatur,
1086 1052 1169 1107 omni

172 1161 242 1200 mea
256 1161 338 1213 cura,
355 1161 459 1217 opera,
477 1142 646 1218 diligentia,
663 1144 764 1218 gratia
777 1144 956 1217 providebo.

289 1391 334 1445 M.
358 1388 511 1446 CICERO
536 1389 567 1446 S.
592 1390 632 1444 D.
657 1391 692 1444 P.
718 1390 916 1447 LENTULO
939 1390 1109 1448 PROCOS.

378 1518 439 1566 Son.
453 1518 555 1566 Rouns
571 1533 662 1565 uansn
678 1519 845 1566 Fannunnro
857 1534 883 1567 A.
893 1534 920 1567 u.
930 1534 954 1566 c.
964 1520 1019 1568 698.

219 1635 269 1712 (1)
296 1637 379 1710 Quae
400 1642 555 1713 gerantur,
577 1637 709 1710 accipies
728 1655 768 1692 ex
786 1637 935 1705 Pollione,
958 1638 1009 1710 qui
1030 1641 1170 1696 omnibus
1210 1665 1216 1670 ·

173 1734 306 1810 negotiis
322 1753 382 1790 non
399 1735 540 1790 interfuit
554 1735 663 1804 solum,
681 1735 735 1790 scd
750 1735 893 1808 praefuit.
938 1735 991 1791 Me
1006 1737 1037 1791 in
1052 1754 1171 1793 summo

173 1832 289 1902 dolore,
314 1850 403 1905 quern
426 1831 457 1888 in
480 1832 541 1888 tuis
565 1832 656 1888 rebus
680 1832 779 1905 capio,
804 1832 936 1888 maxime
961 1833 1078 1891 scilicet
1099 1841 1224 1891 con-10

175 1928 395 2003 solatur'speS,
422 1931 504 2003 quod
528 1926 636 1986 ²valde
662 1929 801 2004 suspicor
826 1930 901 1997 fore,
926 1934 961 1986 ut
985 1930 1171 2006 infringatur

174 2027 329 2083 hominum
344 2027 522 2100 improbitas
537 2032 570 2084 et
588 2027 723 2084 consiliis
740 2034 859 2084 tuorum
876 2028 1041 2083 amicorum
1056 2033 1088 2084 et
1103 2028 1170 2102 ipsa

174 2126 236 2195 die,
259 2143 337 2201 quae
362 2127 503 2185 debilitat
527 2127 730 2204 cogitationes
751 2132 783 2185 et
807 2127 997 2185 inimicorum
1018 2134 1050 2185 et
1070 2129 1171 2203 prodi-

175 2230 275 2279 torum
297 2229 427 2281 tuorum.
477 2224 525 2300 (2)
553 2225 655 2281 Facile
677 2226 812 2282 secundo
833 2223 900 2281 loco
924 2243 972 2281 me
997 2226 1172 2283 consolatur

175 2321 346 2378 recordatio
361 2340 495 2378 meorum
516 2326 695 2395 temporum,
714 2339 842 2393 quorum
856 2321 1020 2397 imaginem
1035 2323 1124 2379 video
1139 2322 1170 2378 iu
1187 2332 1223 2379 15

175 2418 265 2474 robus
287 2419 366 2487 tuis;
396 2437 466 2475 nam
488 2419 546 2475 etsi
568 2420 683 2475 minore
705 2419 736 2474 iu
757 2438 789 2475 re
810 2419 941 2475 violatur
962 2424 1015 2475 tua
1037 2420 1170 2495 dignitas

174 2533 266 2588 quam
289 2534 358 2573 mea
383 2516 504 2573 adflicta
529 2521 587 2585 est,
616 2521 719 2572 tamen
744 2522 791 2572 est
819 2521 906 2572 tanta
931 2516 1109 2587 similitude,
1136 2523 1171 2575 ut

175 2631 293 2687 sperem
308 2618 338 2671 te
353 2614 426 2669 mihi
446 2614 614 2689 ignoscere,
632 2613 658 2669 si
678 2632 714 2671 ea
729 2631 790 2670 non
810 2614 973 2685 timuerim,
991 2633 1068 2688 quae
1084 2623 1169 2673 netu

174 2712 295 2785 quidem
316 2728 459 2784 umquam
480 2711 615 2767 timenda
628 2707 773 2767 3duxisti.
818 2710 879 2769 Sed
896 2718 1020 2786 praesta
1038 2719 1068 2769 te
1087 2732 1166 2784 eum,

174 2810 225 2882 qui
243 2809 313 2865 mihi
328 2826 346 2865 a
360 2805 500 2878 ⁴teneri5,
514 2813 549 2865 ut
560 2807 671 2866 Graeci
686 2809 802 2878 dicunt,
818 2806 1005 2884 ⁵unguiculis
1021 2828 1054 2867 es
1066 2812 1169 2887 cogni·
1184 2820 1222 2869 20

174 2911 242 2963 tus:
265 2906 451 2975 inlustrabit,
468 2906 541 2962 mihi
555 2907 655 2975 crede,
669 2911 754 2963 tuam
768 2906 999 2979 amplitudinem
1013 2908 1168 2964 homiuum
1223 2975 1229 2987 x

174 3004 293 3060 iniuria.
351 3003 382 3060 A
409 3022 456 3059 me
485 3004 587 3060 omnia
616 3022 734 3060 summa
762 3003 793 3059 in
822 3009 851 3060 te
880 3004 982 3061 studia
1010 3006 1168 3079 officiaque

173 3107 337 3175 exspecta3
368 3120 428 3158 non
451 3102 555 3159 fallam
578 3101 752 3175 opinionem
774 3106 868 3157 tuam.

213 3297 342 3347 1senatus
363 3293 515 3347 auctoritas.
555 3297 596 3346 An
614 3305 653 3343 act
675 3296 783 3359 bindinp,
803 3296 842 3342 but
861 3294 907 3343 less
926 3296 1007 3360 in'qlrlp
1028 3298 1144 3344 esteemeri
1164 3298 1221 3346 than

172 3388 279 3429 senatus
297 3380 446 3428 consultum
454 3396 460 3438 ;
479 3380 575 3427 because
588 3396 649 3425 some
662 3380 693 3441 of
704 3377 740 3425 tire
753 3376 861 3424 elements
873 3379 905 3441 os
916 3377 1028 3442 complete
1041 3380 1175 3443 unanimity
1188 3397 1223 3427 re·

171 3463 259 3527 quired
276 3463 301 3511 in
319 3462 355 3511 tire
372 3460 450 3521 latter,
468 3478 528 3509 were
544 3459 684 3526 frequently
703 3460 808 3523 acontinp
826 3460 851 3507 in
869 3459 905 3507 the
917 3461 1020 3524 former.

212 3546 312 3595 ²vaide
325 3547 450 3608 suspicor,
463 3543 481 3593 I
496 3562 535 3592 am
549 3543 654 3609 strongyly
667 3545 699 3608 of
708 3541 744 3590 rte
756 3542 860 3605 opinion.

212 3629 223 3663 Β
236 3632 341 3690 duxisti,
358 3628 506 3679 considered.

212 3714 224 3747 4
236 3715 331 3763 teneris
344 3731 426 3778 cyrces
438 3712 493 3761 witi
505 3710 663 3772 unguiculis.

212 3795 224 3829 ⁵
235 3797 393 3860 unguiculis,
399 3796 482 3861 finper
494 3792 566 3843 auiis.
