2817 4300
538 404 657 451 suoar
680 404 878 450 nxraacrs.
1170 385 1234 448 183

183 574 323 651 subegit3
349 580 470 632 montes
494 579 569 644 tres,
591 572 788 645 Quirinalem,
810 574 1004 644 Viminalem,
1029 573 1231 647 Esquilinum,

182 673 250 730 urbi
264 672 423 745 adjunxit3
443 672 546 729 fossas
561 671 672 728 circum
688 689 806 727 murum
821 671 920 728 duxit.
964 671 1084 727 Primus
1099 670 1234 727 omnium

182 787 308 826 censum
323 768 487 837 ordinavit,
503 769 556 841 qui
570 768 669 825 adhuc
688 785 743 842 per
764 769 868 825 orbem
890 773 1039 825 terrarum
1058 767 1234 843 incognitus

183 871 259 923 crat.
304 863 368 923 Sub
397 882 433 922 eo
461 864 570 935 Roma,
601 865 742 922 omnibus
771 865 802 923 in
831 884 955 923 censum
984 866 1105 934 delatis,
1128 865 1235 922 habuit

182 963 341 1039 octoginta
355 968 500 1037 quattuor
513 961 608 1020 millia
623 963 734 1020 civium
749 963 967 1033 Romanorum,
984 981 1052 1020 cum
1067 963 1114 1019 his
1129 962 1181 1036 qui
1202 962 1233 1019 in

183 1061 265 1137 agris
281 1065 379 1117 erant.
423 1058 551 1118 Occisus
566 1065 615 1118 est
628 1061 862 1137 quadragesimo
877 1062 983 1136 quinto
999 1059 1118 1134 imperii
1139 1078 1231 1130 aun0,

184 1159 298 1216 scelere
312 1157 417 1234 generi
431 1159 479 1214 sui
492 1159 652 1232 Tarquinii
671 1159 813 1232 Superbi,
830 1159 884 1215 filii
905 1160 972 1232 ejus
994 1159 1075 1233 regis
1096 1158 1146 1214 cui
1167 1158 1233 1231 ipse

184 1261 385 1326 successerat,
399 1261 430 1313 et
444 1255 523 1313 filiae
539 1274 624 1325 suae,
637 1273 729 1330 quam
744 1256 929 1329 Tarquinius
944 1255 1079 1312 habebat
1093 1272 1231 1312 uxorem.

225 1354 338 1438 Lucius
375 1354 560 1427 Tarquinius
595 1353 762 1428 Superbus,
800 1354 947 1428 septimus
983 1358 1074 1426 atque
1109 1352 1233 1410 ultimus

183 1471 300 1528 regum,
324 1452 454 1509 Volscos
483 1451 657 1526 superavit;
687 1450 806 1509 Gabios
834 1457 866 1508 et
895 1450 1039 1509 Suessam
1062 1449 1234 1507 Pometiam

184 1550 325 1625 subegit3
347 1567 416 1607 cum
430 1549 540 1606 Tuscis
555 1567 663 1624 pacem
677 1549 770 1618 fecit3
793 1554 825 1606 et
839 1548 984 1623 templum
1005 1548 1078 1606 Jovi
1100 1548 1130 1604 in
1152 1547 1234 1620 capi·

183 1649 258 1706 tolio
288 1648 471 1705 aedificavit.
514 1647 639 1717 Postea,
669 1647 807 1703 Ardeam
840 1663 1034 1721 oppugnans,
1065 1645 1096 1701 in
1123 1650 1235 1702 octavo

183 1746 302 1804 decimo
316 1744 457 1802 milliario
472 1744 512 1801 ab
533 1743 606 1801 urbe
627 1744 772 1819 positam,
789 1743 948 1818 imperium
969 1742 1110 1817 perdidit.
1154 1742 1235 1798 Nam

184 1862 277 1918 quum
304 1843 384 1900 filius
412 1844 492 1916 ejus,
522 1842 707 1915 Tarquinius
738 1841 851 1914 junior,
882 1839 1063 1898 nobilissimi
1091 1837 1236 1896 Collatini

184 1960 310 2000 uxorem
326 1939 438 2015 injuria
457 1939 623 2009 affecisset,
639 1957 736 2012 eaque
757 1939 796 1995 de
818 1938 930 2012 injuria
951 1937 1072 2007 marito,
1088 1942 1121 1994 et
1141 1936 1233 2010 patri,

185 2045 216 2098 et
238 2039 345 2098 amicis
368 2043 476 2113 questa
499 2037 621 2106 fuisset,
646 2036 677 2092 in
700 2035 835 2093 omnium
864 2041 1029 2109 conspectu
1053 2052 1086 2091 se
1110 2033 1232 2091 occidit.

184 2137 314 2214 Propter
341 2156 433 2211 quam
460 2154 583 2194 causam
612 2135 737 2205 Brutus,
765 2152 887 2209 parens,
915 2138 946 2191 et
974 2133 1039 2207 ipse
1064 2131 1235 2190 Collatinus

184 2236 331 2311 populum
355 2234 533 2304 concitavit,
560 2239 591 2290 et
618 2232 786 2305 Tarquinio
808 2232 922 2289 ademit
943 2231 1112 2305 imperium.
1157 2229 1236 2286 Mox

185 2333 339 2391 exercitus
362 2350 483 2406 quoque
507 2332 560 2404 qui
584 2331 720 2387 Ardeam
749 2348 818 2387 cum
846 2330 913 2405 ipso
942 2348 1011 2405 rege
1036 2327 1236 2403 oppugnabat

185 2449 253 2488 eum
282 2429 422 2504 reliquit,
459 2429 645 2501 veniensque
680 2427 720 2484 ad
755 2427 860 2484 urbem
888 2445 955 2497 rex,
986 2425 1082 2500 portis
1111 2425 1233 2494 clausis,

185 2527 329 2585 exclusus
344 2531 402 2584 est.
446 2525 605 2598 Quumque
620 2523 835 2598 imperavisset
849 2540 946 2580 annos
961 2522 1070 2598 viginti
1089 2522 1234 2596 quinque,

185 2642 255 2682 cum
269 2628 411 2705 uxorenet
424 2622 528 2679 liberis
542 2621 607 2678 suis
622 2621 713 2696 fugit.

349 2866 397 2921 76.
427 2864 498 2921 Tua
519 2864 620 2920 Falsa
641 2880 674 2919 nv
695 2863 812 2921 Houoa
833 2880 872 2920 or
894 2862 1072 2919 Haaounns.

219 2990 222 3009 Ι
266 3012 396 3070 Devexo
411 3011 527 3068 interea
542 3010 665 3085 propior
679 3011 714 3067 fit
728 3011 846 3084 Vesper
860 3009 1003 3085 Olympo,

268 3111 389 3182 jamque
404 3109 580 3165 sacerdotes
596 3108 770 3182 primusque
785 3107 918 3165 Potitius
933 3107 1030 3177 ibant,

268 3205 397 3280 pellibus
413 3206 443 3262 in
459 3222 572 3261 morem
587 3204 691 3274 cincti,
708 3205 904 3277 flammasque
920 3204 1071 3262 ferebant.

269 3304 448 3361 Instaurant
462 3302 566 3376 epulas
581 3307 613 3359 ct
627 3319 750 3359 mensae
765 3307 853 3377 grata
869 3301 1020 3358 secundae

269 3402 349 3458 dona
364 3403 467 3458 icrunt
481 3400 695 3474 cumulantque
710 3400 845 3457 oneratis
860 3398 998 3456 lancibus
1013 3416 1092 3455 aras.

268 3499 345 3556 Tum
362 3499 436 3557 Salii
451 3500 490 3555 ad
506 3507 615 3557 cantus
629 3499 756 3557 incensa
770 3497 879 3555 altaria
893 3498 1006 3554 circum

269 3597 408 3671 populeis
423 3597 536 3653 adsunt
550 3596 662 3653 evincti
676 3601 816 3669 tempora
830 3594 934 3665 rarniS,

268 3694 318 3750 hic
332 3695 478 3766 juvenum
493 3694 614 3760 chorbe,
631 3692 680 3749 ille
696 3710 802 3749 senum
815 3711 821 3760 3
844 3692 896 3765 qui
911 3692 1043 3749 carmine
1056 3690 1163 3747 laudes

260 3789 437 3847 'Herculeas
452 3794 483 3847 et
497 3790 582 3847 facta
596 3790 715 3847 ferunt:
739 3794 772 3846 ut
786 3790 883 3863 prima
897 3805 1047 3846 novercae
