2817 4300
559 398 725 464 vnucm's
748 415 882 462 annm.
988 401 991 412 '
1183 399 1244 464 131

269 592 395 645 ventum
410 587 450 644 ad
464 603 638 661 supremum
653 591 712 642 est.
756 585 860 642 Terris
876 586 991 662 agitare
1006 585 1055 644 vel
1070 586 1160 644 undis

270 684 421 742 Troianos
436 684 574 758 potuisti,
592 683 753 740 infandum
768 684 937 740 adcendere
953 683 1076 754 bellurn,

270 783 441 840 deformare
457 783 580 839 domum
595 786 627 839 et
640 781 723 838 luctu
739 780 864 838 miscere
880 781 1083 857 hymenaeos:
1187 789 1244 839 805

270 881 397 938 ulterius
412 885 562 954 temptare
577 879 673 937 veto.’
716 877 766 936 Sic
781 879 920 952 Iuppiter
933 896 1021 936 orsus
1034 898 1041 949 ;

270 979 314 1036 sic
329 979 387 1035 dea
401 977 555 1034 submisso
569 982 676 1034 contra
691 975 835 1034 Saturnia
850 977 952 1034 voltu:

236 1160 320 1219 Juao
333 1161 439 1234 melda,
456 1160 506 1216 but
520 1160 588 1234 beqs
602 1159 665 1216 tuat
679 1159 726 1216 tlte
740 1160 925 1216 indubitante
939 1161 977 1233 of
991 1160 1037 1217 the
1052 1161 1124 1218 laod
1138 1179 1209 1234 moy

567 1259 663 1313 retain
679 1256 756 1313 their
769 1275 868 1314 acme.

272 1373 358 1429 ‘Ista
372 1373 495 1446 quidem
509 1372 581 1446 quia
596 1377 670 1430 nota
684 1373 757 1428 mihi
772 1378 836 1443 tua,
853 1391 973 1448 magne,
990 1374 1145 1445 voluntas

271 1470 420 1544 Iuppiter,
436 1478 468 1528 et
481 1471 618 1527 Turnum
632 1476 664 1527 et
678 1475 775 1528 terras
791 1471 888 1528 invita
902 1472 1009 1544 reliqui
1021 1491 1027 1539 ;

270 1587 326 1627 nec
341 1574 373 1626 tu
388 1585 436 1626 me
451 1568 534 1624 aeria
548 1568 644 1625 solam
660 1586 741 1626 nunc
756 1569 828 1626 sede
843 1569 964 1627 videres
1186 1577 1245 1626 810

270 1667 363 1742 digna
378 1666 504 1742 indigna
519 1666 594 1740 pati,
612 1666 667 1722 sed
681 1667 810 1722 fiammis
827 1667 926 1724 cineta
941 1667 998 1723 sub
1013 1667 1080 1740 ipsa

270 1770 382 1821 starem
398 1764 462 1821 acie
477 1764 688 1836 traheremque
704 1764 827 1821 inimica
842 1765 871 1820 in
888 1765 1002 1838 proelia
1016 1765 1162 1822 Teucros.

270 1862 430 1918 Iuturnam
444 1861 566 1930 misero,
584 1862 696 1931 fateor,
714 1878 888 1919 succurrere
904 1863 991 1919 fratri

270 1959 353 2016 suasi
367 1964 399 2016 et
412 1976 469 2032 pro
484 1958 548 2015 vita
563 1959 678 2016 maiora
692 1961 804 2016 audere
820 1960 958 2034 probavi,

269 2073 332 2112 non
346 2061 381 2112 ut
394 2055 456 2113 tela
467 2060 585 2125 tamen,
603 2074 663 2113 nou
680 2062 714 2114 ut
728 2058 928 2115 contenderet
942 2074 1063 2114 arcum:
1187 2063 1244 2114 815

270 2154 376 2226 adiuro
391 2153 492 2230 Stygii
506 2160 599 2229 caput
613 2155 806 2229 implacabile
821 2156 929 2223 fontis,

269 2270 330 2308 una
344 2248 538 2326 lsuperstitio
553 2254 672 2326 superis
687 2270 765 2326 quae
780 2250 915 2310 ²reddita
929 2253 1018 2310 divis.

269 2350 311 2407 Et
325 2367 406 2407 nunc
420 2350 496 2407 cedo
511 2350 652 2423 equidem
666 2368 845 2427 pugnasque
861 2368 956 2408 exosa
970 2351 1119 2423 relinquo

269 2446 350 2503 Illud
366 2453 407 2514 te,
423 2447 506 2503 nulla
521 2448 580 2504 fati
594 2448 676 2521 quod
691 2447 758 2523 lege
773 2452 904 2517 tenetur,

269 2562 325 2619 pro
340 2545 430 2602 Latio
445 2545 594 2615 obtestor,
613 2563 668 2619 pro
682 2546 843 2603 maiestate
858 2551 997 2602 tuorum:
1186 2551 1245 2602 820

269 2660 337 2699 cum
353 2642 413 2698 iam
429 2643 556 2700 conubis
572 2661 679 2716 pacem
693 2642 844 2711 felicibus,
862 2648 939 2712 estc,

270 2746 466 2814 component,
483 2758 551 2798 cum
567 2740 628 2797 iam
642 2740 727 2815 leges
744 2746 775 2797 et
790 2741 916 2798 foedera
931 2740 1069 2816 iungant,

266 2854 307 2904 ⁸ue
322 2842 411 2894 vetus
426 2838 586 2912 indigenas
602 2856 712 2895 nomen
729 2843 845 2895 mutare
860 2837 989 2895 Latinos

269 2952 328 2991 neu
344 2935 441 2991 Troas
456 2936 520 2992 fieri
536 2935 642 2992 iubeas
656 2936 851 3007 Teucrosque
866 2932 985 2992 ³voeari

270 3037 323 3088 aut
337 3049 442 3089 vocem
458 3036 575 3089 mutare
591 3033 673 3090 viros
688 3038 742 3089 aut
756 3040 874 3089 vertere
890 3038 1017 3089 vestem.
1186 3038 1243 3088 825

270 3127 319 3186 Sit
333 3129 465 3196 Latium,
482 3129 546 3186 siut
560 3129 675 3186 Albani
690 3148 745 3204 per
760 3129 882 3211 saecula
896 3147 996 3205 reges,

270 3226 311 3283 sit
325 3227 464 3282 Romana
478 3232 588 3301 potens
604 3227 685 3284 Itala
700 3228 812 3285 virtute
828 3224 1000 3301 4propago:

270 3323 392 3392 occidit,
409 3324 614 3397 occideritque
630 3324 714 3381 sinas
729 3342 797 3382 cum
812 3324 933 3381 nomine
948 3319 1063 3379 Troia!
1090 3302 1094 3311 ⁵

270 3419 331 3477 Olli
346 3421 508 3478 subridens
522 3422 678 3478 hominum
694 3439 853 3494 rerumque
868 3425 1022 3495 repertor:

273 3581 283 3615 ¹
295 3584 448 3645 superstitio
461 3606 485 3626 =
497 3584 686 3646 jusjurandum
700 3583 903 3631 sanctissimum.
912 3583 1063 3630 -Hnrun

272 3663 399 3714 ssreddita
411 3688 435 3708 =
448 3665 621 3715 11111111-
630 3667 748 3727 Harum
768 3666 838 3725 data,
850 3664 980 3729 accordiuq
993 3672 1015 3711 lo
1028 3662 1156 3713 Snnvws.

272 3746 385 3796 ³vocari
397 3746 442 3794 las
452 3749 498 3811 for
510 3748 541 3796 its
553 3750 642 3812 saqject
654 3749 772 3797 Latinos.

273 3828 417 3879 ‘Romana
428 3843 554 3892 propago,
568 3832 665 3880 Roman
677 3829 805 3894 offipriay.
