2817 4300
546 394 703 486 oronao's
727 411 903 458 erramus.
1206 395 1248 460 49

197 584 334 655 adficiar,
348 583 470 642 mittito.
507 582 556 659 (3)
572 583 614 639 Et
624 583 727 650 velim,
738 581 886 654 reliquum
898 581 981 654 quod
991 585 1039 638 est
1053 583 1195 656 promissi

197 701 234 740 ao
255 682 389 738 muneris
411 681 467 750 tui,
484 680 557 736 mini
574 679 751 753 persolvas:
779 696 847 736 eum
869 678 968 751 ipsam
989 679 1193 753 cognitionem

197 780 272 837 iuris
292 779 409 854 augurii
429 777 575 851 consequi
595 778 694 852 euple.
712 783 777 832 tum
797 774 967 832 mehercule
984 775 1046 832 tuis
1065 777 1193 834 incredi-

197 876 299 934 biliter
327 877 437 933 studiis
466 894 538 951 erga
566 893 613 932 me
642 875 877 948 muneribusque
905 873 1050 931 delector.
1105 875 1194 948 Quod

198 980 300 1032 autem
316 993 334 1030 a
352 992 400 1030 me
420 973 482 1030 tale
502 973 647 1046 quiddam
666 972 834 1042 desideras,
851 968 941 1030 1sane
962 973 1036 1029 mihi
1055 974 1194 1031 conside·
1229 983 1246 1032 5

196 1072 326 1128 randum
352 1076 410 1141 est,
437 1089 570 1144 quonam
594 1076 624 1128 te
649 1088 823 1128 remunerer
847 1071 1039 1144 potissimum
1062 1090 1193 1147 genere3

198 1187 270 1226 nam
290 1171 431 1243 profecto
453 1187 513 1225 non
537 1173 584 1225 est
605 1186 717 1239 meum,
736 1169 789 1242 qui
811 1169 843 1224 in
866 1169 1039 1238 scribenda
1057 1176 1092 1228 ut
1111 1171 1194 1228 soles

198 1266 351 1335 admirari,
368 1271 487 1322 tantum
507 1266 674 1322 industriae
695 1283 819 1339 ponam,
836 1266 1024 1325 committere
1039 1274 1073 1324 ut
1092 1268 1194 1344 negle-

196 1382 272 1440 gens
300 1362 494 1440 [scribendo]
522 1363 619 1420 fuisse
641 1363 758 1431 videar,
783 1365 963 1438 praesertim
986 1382 1055 1422 eum
1078 1366 1109 1422 id
1133 1383 1194 1423 non

197 1463 290 1518 modo
304 1445 523 1538 ²neglegentia
541 1461 703 1518 sedetiam
721 1461 834 1538 ingrati
848 1462 941 1519 animi
960 1459 1091 1519 ³crimen
1112 1464 1247 1520 futu-10

196 1578 264 1616 rum
292 1560 341 1616 sit.
405 1557 454 1634 (4)
493 1559 606 1616 Verum
641 1560 717 1616 haee
749 1560 931 1616 videbimus.
989 1560 1082 1630 Illud,
1112 1562 1193 1634 quod

197 1657 362 1731 polliceris,
379 1657 470 1714 velim
490 1675 546 1731 pro
567 1663 620 1714 tua
642 1658 701 1714 fide
723 1656 941 1733 diligentiaque
961 1663 993 1714 et
1015 1676 1070 1733 pro
1089 1664 1195 1716 nostra

197 1773 259 1811 non
274 1755 426 1824 instituta,
441 1755 494 1811 sed
509 1754 570 1812 iam
584 1755 755 1812 inveterata
766 1755 900 1811 amicitia
911 1773 998 1812 cures
1009 1762 1036 1811 et
1048 1752 1192 1827 ⁴enitare,

198 1857 232 1908 nt
257 1852 440 1925 supplicatio
466 1851 554 1907 nobis
576 1869 668 1925 quam
692 1852 997 1910 honorificentissime
1019 1871 1109 1927 quam
1134 1853 1194 1927 pri·

198 1966 338 2021 mumque
362 1951 554 2006 decernatur.
599 1948 732 2006 Omnino
755 1951 851 2006 serius
876 1950 945 2006 misi
967 1949 1085 2007 litteras
1103 1968 1192 2025 qnam
1210 1958 1246 2007 15

197 2045 325 2116 vellem3
348 2046 379 2102 in
394 2064 455 2120 quo
470 2064 539 2104 cum
556 2046 719 2104 difficultas
734 2047 900 2122 navigandi
921 2046 981 2104 fuit
995 2048 1112 2115 odiosa,
1129 2053 1193 2104 tum

197 2144 231 2201 in
246 2145 346 2219 ipsum
360 2145 530 2202 discessum
545 2151 670 2203 senatus
688 2145 831 2203 incidisse
846 2145 937 2202 credo
952 2163 1036 2202 meas
1055 2145 1192 2203 litteras:

198 2243 252 2299 sed
274 2242 305 2299 id
329 2243 389 2299 feei
413 2243 564 2299 adductus
588 2243 769 2301 auctoritate
792 2249 823 2301 et
846 2243 974 2300 consilio
993 2248 1057 2312 tuo,
1071 2243 1194 2316 idquea

197 2357 245 2396 me
268 2345 350 2397 reete
374 2341 490 2397 factum
513 2346 599 2414 pute,
623 2341 706 2414 quod
729 2359 790 2398 non
812 2337 945 2410 lstatim,
967 2345 1002 2398 ut
1022 2340 1194 2415 appellatus

197 2437 362 2511 imperator
386 2438 454 2508 sim,
477 2439 531 2496 sed
555 2438 622 2495 aliis
647 2440 738 2496 rebus
759 2439 872 2495 additis
896 2434 1098 2511 ⁶aestivisque
1123 2456 1194 2496 con·
1209 2444 1247 2495 20

198 2535 289 2592 fectis
317 2535 435 2593 litteras
461 2536 604 2593 miserim.
657 2536 744 2594 Haeo
768 2537 862 2613 igitur
889 2536 945 2593 tibi
974 2542 1064 2594 erunt
1091 2554 1192 2605 curae,

197 2650 287 2706 quem
308 2635 346 2690 ad
367 2634 491 2690 modurn
511 2633 659 2703 ostenda,
681 2651 789 2707 meque
809 2638 907 2691 totum
925 2639 956 2691 et
973 2652 1041 2691 mea
1059 2639 1090 2690 et
1109 2650 1193 2690 meos

199 2731 427 2788 commendatos
448 2730 587 2787 habebis

393 2942 438 2997 M.
457 2939 611 2998 CICERO
635 2940 667 2999 S.
685 2942 725 2998 D.
744 2940 833 2999 SER.
852 2940 1058 3000 SULPICIO.

330 3070 392 3121 Sca.
405 3085 434 3117 ru
449 3069 569 3118 Cumano
585 3084 676 3119 nausa
689 3070 793 3119 Armm
808 3086 938 3118 nxnuurn
950 3086 978 3120 A.
987 3086 1014 3119 n.
1024 3085 1048 3119 o.
1062 3071 1116 3119 705.

244 3187 292 3264 (1)
311 3188 353 3245 A.
367 3189 398 3245 d.
413 3188 475 3244 ΙΙΙ.
489 3188 561 3244 Kal.
575 3189 677 3245 Maias
689 3207 756 3247 cum
772 3207 870 3246 essem
885 3189 916 3244 in
928 3186 1078 3259 Cuman0,
1091 3190 1195 3263 accepi

199 3292 268 3342 tuas
291 3286 421 3355 litteras,
446 3285 556 3359 quibus
581 3285 668 3344 lectis
692 3288 823 3362 cognovi
846 3305 907 3343 non
930 3287 1006 3343 satis
1031 3288 1196 3361 prudenter·
1210 3294 1247 3344 25

199 3382 311 3440 fecisse
333 3380 557 3453 ⁷Philotimum‚
579 3384 641 3457 qui,
665 3402 734 3441 cum
757 3384 812 3441 abs
835 3388 866 3441 te
890 3385 1034 3441 mandata
1055 3385 1192 3453 haberet,

198 3570 208 3603 1
222 3587 298 3620 sane:
316 3588 369 3636 spa.
382 3572 457 3631 bene,
469 3579 548 3632 reete,
561 3574 649 3635 probe.
779 3572 790 3605 ⁵
802 3574 906 3622 statim:
924 3591 978 3638 syn.
991 3576 1086 3635 subito,
1099 3576 1248 3625 confestim.

198 3654 209 3686 2
220 3655 397 3717 neglegentis:
415 3672 447 3703 sc.
461 3657 550 3704 animi.
780 3656 791 3689 ⁶
803 3657 910 3706 aestivis
926 3660 1036 3724 (aestas)
1050 3676 1153 3709 summer
1163 3659 1204 3724 (aa
1215 3676 1249 3709 on

198 3737 209 3771 3
221 3740 334 3788 crimen:
352 3755 404 3803 syn.
418 3738 505 3799 culpa,
518 3738 685 3787 maleficium.
843 3740 985 3805 adjective).

199 3821 322 3871 ⁴enitare
336 3844 360 3863 =
374 3822 525 3872 contendas.
781 3820 792 3854 ⁷
805 3822 977 3873 Philotimum
992 3825 1150 3889 (libertum).
