<?xml version="1.0" encoding="UTF-8"?>
<!DOCTYPE html PUBLIC "-//W3C//DTD XHTML 1.0 Transitional//EN"
    "http://www.w3.org/TR/xhtml1/DTD/xhtml1-transitional.dtd">
<html xmlns="http://www.w3.org/1999/xhtml" xml:lang="en" lang="en">
 <head>
  <title>
</title>
<meta http-equiv="Content-Type" content="text/html;charset=utf-8" />
  <meta name='ocr-system' content='tesseract 3.04.00' />
  <meta name='ocr-capabilities' content='ocr_page ocr_carea ocr_par ocr_line ocrx_word'/>
</head>
<body>
  <div class='ocr_page' id='page_1' title='image "./selectionsfroml01tomlgoog_0050.png"; bbox 0 0 2817 4300; ppageno 0'>
   <div class='ocr_carea' id='block_1_1' title="bbox 182 388 1057 453">
    <p class='ocr_par' dir='ltr' id='par_1_1' title="bbox 182 388 1057 453">
     <span class='ocr_line' id='line_1_1' title="bbox 182 388 1057 453; baseline -0.001 -3"><span class='ocrx_word' id='word_1_1' title='bbox 182 388 221 450; x_wconf 85' lang='lat'>30</span> <span class='ocrx_word' id='word_1_2' title='bbox 330 420 333 422; x_wconf 96' lang='lat'>·</span> <span class='ocrx_word' id='word_1_3' title='bbox 356 405 576 453; x_wconf 77' lang='lat' dir='ltr'>sannorrous</span> <span class='ocrx_word' id='word_1_4' title='bbox 601 405 707 450; x_wconf 77' lang='lat' dir='ltr'>ason</span> <span class='ocrx_word' id='word_1_5' title='bbox 730 403 846 450; x_wconf 71' lang='lat' dir='ltr'>narni</span> <span class='ocrx_word' id='word_1_6' title='bbox 867 402 1057 450; x_wconf 77' lang='lat' dir='ltr'>anrnoas.</span> 
     </span>
    </p>
   </div>
   <div class='ocr_carea' id='block_1_2' title="bbox 183 573 1235 3184">
    <p class='ocr_par' dir='ltr' id='par_1_2' title="bbox 184 573 1235 2012">
     <span class='ocr_line' id='line_1_2' title="bbox 234 573 1233 650; baseline 0 -18"><span class='ocrx_word' id='word_1_7' title='bbox 234 581 439 650; x_wconf 89' lang='lat' dir='ltr'>opportunum</span> <span class='ocrx_word' id='word_1_8' title='bbox 468 575 616 634; x_wconf 78' lang='lat' dir='ltr'>adversus</span> <span class='ocrx_word' id='word_1_9' title='bbox 645 574 740 631; x_wconf 83' lang='lat' dir='ltr'>Indos</span> <span class='ocrx_word' id='word_1_10' title='bbox 769 573 927 644; x_wconf 87' lang='lat' dir='ltr'>auxilium,</span> <span class='ocrx_word' id='word_1_11' title='bbox 957 574 1068 648; x_wconf 91' lang='lat' dir='ltr'>quippe</span> <span class='ocrx_word' id='word_1_12' title='bbox 1096 575 1165 650; x_wconf 90' lang='lat' dir='ltr'>plus</span> <span class='ocrx_word' id='word_1_13' title='bbox 1200 575 1233 632; x_wconf 93' lang='lat' dir='ltr'>in</span> 
     </span>
     <span class='ocr_line' id='line_1_3' title="bbox 235 669 1233 745; baseline -0.001 -16"><span class='ocrx_word' id='word_1_14' title='bbox 235 669 351 729; x_wconf 91' lang='lat' dir='ltr'>1beluis</span> <span class='ocrx_word' id='word_1_15' title='bbox 373 671 465 744; x_wconf 79' lang='lat' dir='ltr'>quam</span> <span class='ocrx_word' id='word_1_16' title='bbox 486 672 517 728; x_wconf 92' lang='lat' dir='ltr'>in</span> <span class='ocrx_word' id='word_1_17' title='bbox 539 673 675 729; x_wconf 88' lang='lat' dir='ltr'>exercitu</span> <span class='ocrx_word' id='word_1_18' title='bbox 698 672 763 745; x_wconf 91' lang='lat' dir='ltr'>spei</span> <span class='ocrx_word' id='word_1_19' title='bbox 785 690 821 728; x_wconf 91' lang='lat' dir='ltr'>ao</span> <span class='ocrx_word' id='word_1_20' title='bbox 841 673 953 729; x_wconf 86' lang='lat' dir='ltr'>virium</span> <span class='ocrx_word' id='word_1_21' title='bbox 972 673 1125 730; x_wconf 87' lang='lat' dir='ltr'>illiserat.</span> <span class='ocrx_word' id='word_1_22' title='bbox 1169 672 1233 732; x_wconf 86' lang='lat' dir='ltr'>Ga-</span> 
     </span>
     <span class='ocr_line' id='line_1_4' title="bbox 234 769 1233 844; baseline 0 -18"><span class='ocrx_word' id='word_1_23' title='bbox 234 787 404 842; x_wconf 87' lang='lat' dir='ltr'>maxusque</span> <span class='ocrx_word' id='word_1_24' title='bbox 427 769 495 825; x_wconf 88' lang='lat' dir='ltr'>Rex</span> <span class='ocrx_word' id='word_1_25' title='bbox 518 769 647 844; x_wconf 81' lang='lat' dir='ltr'>exiguae</span> <span class='ocrx_word' id='word_1_26' title='bbox 667 769 764 842; x_wconf 88' lang='lat' dir='ltr'>partis</span> <span class='ocrx_word' id='word_1_27' title='bbox 779 770 937 838; x_wconf 88' lang='lat' dir='ltr'>ludorum,</span> <span class='ocrx_word' id='word_1_28' title='bbox 953 770 1005 842; x_wconf 91' lang='lat' dir='ltr'>qui</span> <span class='ocrx_word' id='word_1_29' title='bbox 1022 770 1185 828; x_wconf 78' lang='lat' dir='ltr'>Barzaenti</span> <span class='ocrx_word' id='word_1_30' title='bbox 1200 788 1233 827; x_wconf 90' lang='lat' dir='ltr'>se</span> 
     </span>
     <span class='ocr_line' id='line_1_5' title="bbox 235 862 1234 943; baseline -0.002 -18"><span class='ocrx_word' id='word_1_31' title='bbox 235 869 449 941; x_wconf 85' lang='lat' dir='ltr'>conjunxerat,</span> <span class='ocrx_word' id='word_1_32' title='bbox 468 866 588 924; x_wconf 89' lang='lat' dir='ltr'>vinctus</span> <span class='ocrx_word' id='word_1_33' title='bbox 611 865 761 921; x_wconf 87' lang='lat' dir='ltr'>adductus</span> <span class='ocrx_word' id='word_1_34' title='bbox 784 871 841 922; x_wconf 90' lang='lat' dir='ltr'>est.</span> <span class='ocrx_word' id='word_1_35' title='bbox 886 866 984 941; x_wconf 83' lang='lat' dir='ltr'><strong>Igitur</strong></span> <span class='ocrx_word' id='word_1_36' title='bbox 1003 862 1180 943; x_wconf 78' lang='lat' dir='ltr'>²transfuga</span> <span class='ocrx_word' id='word_1_37' title='bbox 1202 873 1234 923; x_wconf 92' lang='lat' dir='ltr'>et</span> 
     </span>
     <span class='ocr_line' id='line_1_6' title="bbox 202 961 1233 1040; baseline -0.002 -18"><span class='ocrx_word' id='word_1_38' title='bbox 202 973 218 1022; x_wconf 83' lang='lat'><strong>5</strong></span> <span class='ocrx_word' id='word_1_39' title='bbox 234 965 340 1040; x_wconf 90' lang='lat' dir='ltr'>regulo</span> <span class='ocrx_word' id='word_1_40' title='bbox 356 965 387 1020; x_wconf 93' lang='lat' dir='ltr'>in</span> <span class='ocrx_word' id='word_1_41' title='bbox 402 963 585 1032; x_wconf 77' lang='lat' dir='ltr'>custodiam,</span> <span class='ocrx_word' id='word_1_42' title='bbox 602 961 774 1036; x_wconf 88' lang='lat' dir='ltr'>elephantis</span> <span class='ocrx_word' id='word_1_43' title='bbox 796 967 899 1020; x_wconf 89' lang='lat' dir='ltr'>autem</span> <span class='ocrx_word' id='word_1_44' title='bbox 920 963 1021 1019; x_wconf 86' lang='lat' dir='ltr'>Taxili</span> <span class='ocrx_word' id='word_1_45' title='bbox 1043 964 1175 1032; x_wconf 78' lang='lat' dir='ltr'>traditis,</span> <span class='ocrx_word' id='word_1_46' title='bbox 1193 964 1233 1020; x_wconf 90' lang='lat' dir='ltr'>ad</span> 
     </span>
     <span class='ocr_line' id='line_1_7' title="bbox 236 1059 1232 1136; baseline -0.002 -17"><span class='ocrx_word' id='word_1_47' title='bbox 236 1081 356 1119; x_wconf 91' lang='lat' dir='ltr'>amnem</span> <span class='ocrx_word' id='word_1_48' title='bbox 371 1061 551 1136; x_wconf 82' lang='lat' dir='ltr'>Hydaspem</span> <span class='ocrx_word' id='word_1_49' title='bbox 567 1060 725 1133; x_wconf 75' lang='lat' dir='ltr'>peruenit:</span> <span class='ocrx_word' id='word_1_50' title='bbox 748 1059 780 1114; x_wconf 94' lang='lat' dir='ltr'>in</span> <span class='ocrx_word' id='word_1_51' title='bbox 795 1063 884 1133; x_wconf 85' lang='lat' dir='ltr'>cujus</span> <span class='ocrx_word' id='word_1_52' title='bbox 898 1061 1039 1117; x_wconf 88' lang='lat' dir='ltr'>ulteriore</span> <span class='ocrx_word' id='word_1_53' title='bbox 1054 1061 1120 1135; x_wconf 74' lang='lat' dir='ltr'>ripa</span> <span class='ocrx_word' id='word_1_54' title='bbox 1135 1061 1232 1118; x_wconf 89' lang='lat' dir='ltr'>Porus</span> 
     </span>
     <span class='ocr_line' id='line_1_8' title="bbox 236 1157 1234 1233; baseline -0.004 -15"><span class='ocrx_word' id='word_1_55' title='bbox 236 1160 427 1225; x_wconf 78' lang='lat' dir='ltr'>consederat,</span> <span class='ocrx_word' id='word_1_56' title='bbox 466 1157 598 1214; x_wconf 87' lang='lat' dir='ltr'>transitu</span> <span class='ocrx_word' id='word_1_57' title='bbox 633 1157 841 1230; x_wconf 84' lang='lat' dir='ltr'>prohibiturus</span> <span class='ocrx_word' id='word_1_58' title='bbox 880 1158 1010 1214; x_wconf 84' lang='lat' dir='ltr'>hostem.</span> <span class='ocrx_word' id='word_1_59' title='bbox 1068 1157 1234 1233; x_wconf 81' lang='lat' dir='ltr'>Octoginta</span> 
     </span>
     <span class='ocr_line' id='line_1_9' title="bbox 235 1255 1233 1331; baseline -0.001 -18"><span class='ocrx_word' id='word_1_60' title='bbox 235 1257 367 1331; x_wconf 88' lang='lat' dir='ltr'>quinque</span> <span class='ocrx_word' id='word_1_61' title='bbox 391 1255 571 1328; x_wconf 87' lang='lat' dir='ltr'>elephantos</span> <span class='ocrx_word' id='word_1_62' title='bbox 594 1255 753 1328; x_wconf 86' lang='lat' dir='ltr'>objecerat</span> <span class='ocrx_word' id='word_1_63' title='bbox 774 1255 887 1311; x_wconf 86' lang='lat' dir='ltr'>eximio</span> <span class='ocrx_word' id='word_1_64' title='bbox 916 1272 1077 1328; x_wconf 88' lang='lat' dir='ltr'>corporum</span> <span class='ocrx_word' id='word_1_65' title='bbox 1103 1257 1233 1326; x_wconf 86' lang='lat' dir='ltr'>roh⁰1·e;</span> 
     </span>
     <span class='ocr_line' id='line_1_10' title="bbox 235 1353 1234 1436; baseline 0 -26"><span class='ocrx_word' id='word_1_66' title='bbox 235 1355 374 1426; x_wconf 88' lang='lat' dir='ltr'>ultraque</span> <span class='ocrx_word' id='word_1_67' title='bbox 403 1370 468 1421; x_wconf 80' lang='lat' dir='ltr'>eoa,</span> <span class='ocrx_word' id='word_1_68' title='bbox 493 1369 598 1408; x_wconf 90' lang='lat' dir='ltr'>currus</span> <span class='ocrx_word' id='word_1_69' title='bbox 623 1358 775 1410; x_wconf 88' lang='lat' dir='ltr'>trecentos</span> <span class='ocrx_word' id='word_1_70' title='bbox 801 1359 832 1409; x_wconf 92' lang='lat' dir='ltr'>et</span> <span class='ocrx_word' id='word_1_71' title='bbox 856 1353 992 1436; x_wconf 85' lang='lat' dir='ltr'>peditum</span> <span class='ocrx_word' id='word_1_72' title='bbox 1017 1354 1143 1429; x_wconf 90' lang='lat' dir='ltr'>triginta</span> <span class='ocrx_word' id='word_1_73' title='bbox 1169 1353 1234 1410; x_wconf 77' lang='lat' dir='ltr'>fere</span> 
     </span>
     <span class='ocr_line' id='line_1_11' title="bbox 184 1449 1229 1527; baseline 0 -19"><span class='ocrx_word' id='word_1_74' title='bbox 184 1458 221 1508; x_wconf 91' lang='lat'>10</span> <span class='ocrx_word' id='word_1_75' title='bbox 235 1451 347 1507; x_wconf 86' lang='lat' dir='ltr'>millia:</span> <span class='ocrx_word' id='word_1_76' title='bbox 374 1449 405 1506; x_wconf 92' lang='lat' dir='ltr'>in</span> <span class='ocrx_word' id='word_1_77' title='bbox 426 1449 512 1523; x_wconf 90' lang='lat' dir='ltr'>queis</span> <span class='ocrx_word' id='word_1_78' title='bbox 534 1455 622 1506; x_wconf 88' lang='lat' dir='ltr'>erant</span> <span class='ocrx_word' id='word_1_79' title='bbox 644 1450 797 1526; x_wconf 89' lang='lat' dir='ltr'>sagittarii</span> <span class='ocrx_word' id='word_1_80' title='bbox 823 1450 918 1525; x_wconf 88' lang='lat' dir='ltr'>(sicut</span> <span class='ocrx_word' id='word_1_81' title='bbox 938 1451 1009 1508; x_wconf 76' lang='lat' dir='ltr'>ante</span> <span class='ocrx_word' id='word_1_82' title='bbox 1031 1450 1229 1527; x_wconf 89' lang='lat' dir='ltr'>dictumest)</span> 
     </span>
     <span class='ocr_line' id='line_1_12' title="bbox 236 1544 1235 1624; baseline 0.001 -20"><span class='ocrx_word' id='word_1_83' title='bbox 236 1548 426 1624; x_wconf 87' lang='lat' dir='ltr'>gravioribus</span> <span class='ocrx_word' id='word_1_84' title='bbox 449 1547 529 1616; x_wconf 91' lang='lat' dir='ltr'>telis,</span> <span class='ocrx_word' id='word_1_85' title='bbox 553 1547 644 1620; x_wconf 76' lang='lat' dir='ltr'>quam</span> <span class='ocrx_word' id='word_1_86' title='bbox 667 1553 700 1604; x_wconf 92' lang='lat' dir='ltr'>ut</span> <span class='ocrx_word' id='word_1_87' title='bbox 714 1557 784 1622; x_wconf 88' lang='lat' dir='ltr'>apte</span> <span class='ocrx_word' id='word_1_88' title='bbox 801 1544 925 1605; x_wconf 79' lang='lat' dir='ltr'>⁸excuti</span> <span class='ocrx_word' id='word_1_89' title='bbox 947 1553 1084 1622; x_wconf 88' lang='lat' dir='ltr'>possent.</span> <span class='ocrx_word' id='word_1_90' title='bbox 1127 1549 1235 1623; x_wconf 92' lang='lat' dir='ltr'>Ipsum</span> 
     </span>
     <span class='ocr_line' id='line_1_13' title="bbox 236 1643 1234 1718; baseline -0.002 -14"><span class='ocrx_word' id='word_1_91' title='bbox 236 1646 368 1704; x_wconf 87' lang='lat' dir='ltr'>vehebat</span> <span class='ocrx_word' id='word_1_92' title='bbox 382 1643 562 1716; x_wconf 82' lang='lat' dir='ltr'>elephantus</span> <span class='ocrx_word' id='word_1_93' title='bbox 578 1663 669 1718; x_wconf 90' lang='lat' dir='ltr'>super</span> <span class='ocrx_word' id='word_1_94' title='bbox 684 1650 822 1702; x_wconf 87' lang='lat' dir='ltr'>caeteras</span> <span class='ocrx_word' id='word_1_95' title='bbox 837 1645 943 1702; x_wconf 89' lang='lat' dir='ltr'>beluas</span> <span class='ocrx_word' id='word_1_96' title='bbox 958 1647 1113 1703; x_wconf 88' lang='lat' dir='ltr'>eminens:</span> <span class='ocrx_word' id='word_1_97' title='bbox 1136 1665 1234 1703; x_wconf 90' lang='lat' dir='ltr'>arma·</span> 
     </span>
     <span class='ocr_line' id='line_1_14' title="bbox 237 1742 1234 1819; baseline 0.001 -19"><span class='ocrx_word' id='word_1_98' title='bbox 237 1761 295 1818; x_wconf 92' lang='lat' dir='ltr'>que</span> <span class='ocrx_word' id='word_1_99' title='bbox 318 1762 393 1800; x_wconf 91' lang='lat' dir='ltr'>auro</span> <span class='ocrx_word' id='word_1_100' title='bbox 416 1749 447 1800; x_wconf 90' lang='lat' dir='ltr'>ct</span> <span class='ocrx_word' id='word_1_101' title='bbox 469 1749 596 1818; x_wconf 83' lang='lat' dir='ltr'>argento</span> <span class='ocrx_word' id='word_1_102' title='bbox 618 1742 764 1800; x_wconf 90' lang='lat' dir='ltr'>distincta</span> <span class='ocrx_word' id='word_1_103' title='bbox 786 1760 897 1817; x_wconf 87' lang='lat' dir='ltr'>eorpus</span> <span class='ocrx_word' id='word_1_104' title='bbox 915 1761 1000 1800; x_wconf 90' lang='lat' dir='ltr'>rarae</span> <span class='ocrx_word' id='word_1_105' title='bbox 1015 1744 1234 1819; x_wconf 84' lang='lat' dir='ltr'>magnitudinis</span> 
     </span>
     <span class='ocr_line' id='line_1_15' title="bbox 236 1839 1235 1915; baseline 0 -17"><span class='ocrx_word' id='word_1_106' title='bbox 236 1843 450 1900; x_wconf 88' lang='lat' dir='ltr'>honestabaut.</span> <span class='ocrx_word' id='word_1_107' title='bbox 496 1841 556 1895; x_wconf 89' lang='lat' dir='ltr'>Par</span> <span class='ocrx_word' id='word_1_108' title='bbox 585 1841 703 1895; x_wconf 90' lang='lat' dir='ltr'>animus</span> <span class='ocrx_word' id='word_1_109' title='bbox 731 1839 834 1897; x_wconf 91' lang='lat' dir='ltr'>robori</span> <span class='ocrx_word' id='word_1_110' title='bbox 869 1841 1015 1915; x_wconf 89' lang='lat' dir='ltr'>corporis,</span> <span class='ocrx_word' id='word_1_111' title='bbox 1047 1846 1088 1911; x_wconf 87' lang='lat' dir='ltr'>et,</span> <span class='ocrx_word' id='word_1_112' title='bbox 1118 1847 1235 1914; x_wconf 89' lang='lat' dir='ltr'>quanta</span> 
     </span>
     <span class='ocr_line' id='line_1_16' title="bbox 185 1937 849 2012; baseline -0.005 -15"><span class='ocrx_word' id='word_1_113' title='bbox 185 1948 220 1997; x_wconf 82' lang='lat'>15</span> <span class='ocrx_word' id='word_1_114' title='bbox 237 1940 315 1997; x_wconf 91' lang='lat' dir='ltr'>inter</span> <span class='ocrx_word' id='word_1_115' title='bbox 329 1937 436 1995; x_wconf 80' lang='lat' dir='ltr'>4rudes</span> <span class='ocrx_word' id='word_1_116' title='bbox 454 1942 576 2012; x_wconf 92' lang='lat' dir='ltr'>poterat</span> <span class='ocrx_word' id='word_1_117' title='bbox 590 1955 669 2008; x_wconf 88' lang='lat' dir='ltr'>esse,</span> <span class='ocrx_word' id='word_1_118' title='bbox 686 1938 849 2012; x_wconf 91' lang='lat' dir='ltr'>sapientia.</span> 
     </span>
    </p>

    <p class='ocr_par' dir='ltr' id='par_1_3' title="bbox 236 2036 1235 2403">
     <span class='ocr_line' id='line_1_17' title="bbox 277 2036 1235 2109; baseline 0.001 -16"><span class='ocrx_word' id='word_1_119' title='bbox 277 2039 326 2093; x_wconf 85' lang='lat'>43.</span> <span class='ocrx_word' id='word_1_120' title='bbox 358 2036 547 2093; x_wconf 89' lang='lat' dir='ltr'>Macedonas</span> <span class='ocrx_word' id='word_1_121' title='bbox 576 2053 637 2091; x_wconf 91' lang='lat' dir='ltr'>non</span> <span class='ocrx_word' id='word_1_122' title='bbox 665 2042 849 2109; x_wconf 89' lang='lat' dir='ltr'>conspectus</span> <span class='ocrx_word' id='word_1_123' title='bbox 876 2037 1010 2094; x_wconf 91' lang='lat' dir='ltr'>hostium</span> <span class='ocrx_word' id='word_1_124' title='bbox 1040 2037 1149 2108; x_wconf 78' lang='lat' dir='ltr'>solum,</span> <span class='ocrx_word' id='word_1_125' title='bbox 1179 2037 1235 2094; x_wconf 91' lang='lat' dir='ltr'>sed</span> 
     </span>
     <span class='ocr_line' id='line_1_18' title="bbox 237 2132 1234 2211; baseline 0.001 -19"><span class='ocrx_word' id='word_1_126' title='bbox 237 2133 329 2192; x_wconf 89' lang='lat' dir='ltr'>etiam</span> <span class='ocrx_word' id='word_1_127' title='bbox 343 2132 487 2202; x_wconf 88' lang='lat' dir='ltr'>fluminis,</span> <span class='ocrx_word' id='word_1_128' title='bbox 504 2132 586 2205; x_wconf 92' lang='lat' dir='ltr'>quod</span> <span class='ocrx_word' id='word_1_129' title='bbox 607 2133 827 2191; x_wconf 87' lang='lat' dir='ltr'>transeundum</span> <span class='ocrx_word' id='word_1_130' title='bbox 848 2139 924 2205; x_wconf 88' lang='lat' dir='ltr'>erat,</span> <span class='ocrx_word' id='word_1_131' title='bbox 941 2135 1121 2211; x_wconf 89' lang='lat' dir='ltr'>magnitudo</span> <span class='ocrx_word' id='word_1_132' title='bbox 1141 2140 1234 2193; x_wconf 91' lang='lat' dir='ltr'>terre·</span> 
     </span>
     <span class='ocr_line' id='line_1_19' title="bbox 236 2230 1234 2307; baseline 0.001 -18"><span class='ocrx_word' id='word_1_133' title='bbox 236 2233 300 2289; x_wconf 90' lang='lat' dir='ltr'>bat.</span> <span class='ocrx_word' id='word_1_134' title='bbox 346 2230 483 2303; x_wconf 80' lang='lat' dir='ltr'>Quatuor</span> <span class='ocrx_word' id='word_1_135' title='bbox 505 2230 537 2286; x_wconf 92' lang='lat' dir='ltr'>in</span> <span class='ocrx_word' id='word_1_136' title='bbox 564 2230 758 2289; x_wconf 91' lang='lat' dir='ltr'>latitudinem</span> <span class='ocrx_word' id='word_1_137' title='bbox 780 2233 881 2288; x_wconf 88' lang='lat' dir='ltr'>stadia</span> <span class='ocrx_word' id='word_1_138' title='bbox 901 2233 1045 2289; x_wconf 85' lang='lat' dir='ltr'>diffusum</span> <span class='ocrx_word' id='word_1_139' title='bbox 1064 2230 1234 2307; x_wconf 80' lang='lat' dir='ltr'>⁵protundo</span> 
     </span>
     <span class='ocr_line' id='line_1_20' title="bbox 237 2328 1234 2403; baseline 0.001 -18"><span class='ocrx_word' id='word_1_140' title='bbox 237 2330 324 2387; x_wconf 92' lang='lat' dir='ltr'>alveo</span> <span class='ocrx_word' id='word_1_141' title='bbox 349 2333 380 2385; x_wconf 94' lang='lat' dir='ltr'>et</span> <span class='ocrx_word' id='word_1_142' title='bbox 405 2346 557 2401; x_wconf 88' lang='lat' dir='ltr'>nusquam</span> <span class='ocrx_word' id='word_1_143' title='bbox 582 2328 662 2385; x_wconf 88' lang='lat' dir='ltr'>vada</span> <span class='ocrx_word' id='word_1_144' title='bbox 688 2329 855 2402; x_wconf 87' lang='lat' dir='ltr'>aperiente,</span> <span class='ocrx_word' id='word_1_145' title='bbox 881 2330 1012 2403; x_wconf 91' lang='lat' dir='ltr'>speciem</span> <span class='ocrx_word' id='word_1_146' title='bbox 1033 2330 1114 2387; x_wconf 81' lang='lat' dir='ltr'>vasti</span> <span class='ocrx_word' id='word_1_147' title='bbox 1141 2331 1234 2387; x_wconf 89' lang='lat' dir='ltr'>maris</span> 
     </span>
    </p>

    <p class='ocr_par' dir='ltr' id='par_1_4' title="bbox 183 2409 1234 3184">
     <span class='ocr_line' id='line_1_21' title="bbox 183 2409 1234 2503; baseline 0.001 -19"><span class='ocrx_word' id='word_1_148' title='bbox 183 2428 362 2484; x_wconf 77' lang='lat' dir='ltr'>adfecerat.</span> <span class='ocrx_word' id='word_1_149' title='bbox 426 2426 491 2483; x_wconf 87' lang='lat' dir='ltr'>Nec</span> <span class='ocrx_word' id='word_1_150' title='bbox 520 2444 575 2500; x_wconf 90' lang='lat' dir='ltr'>pro</span> <span class='ocrx_word' id='word_1_151' title='bbox 611 2426 711 2501; x_wconf 90' lang='lat' dir='ltr'>spatio</span> <span class='ocrx_word' id='word_1_152' title='bbox 747 2444 894 2500; x_wconf 88' lang='lat' dir='ltr'>aquarum</span> <span class='ocrx_word' id='word_1_153' title='bbox 928 2427 989 2484; x_wconf 79' lang='lat' dir='ltr'>late</span> <span class='ocrx_word' id='word_1_154' title='bbox 1024 2409 1234 2503; x_wconf 74' lang='lat' dir='ltr'>stagnantium</span> 
     </span>
     <span class='ocr_line' id='line_1_22' title="bbox 237 2523 1233 2598; baseline 0.001 -18"><span class='ocrx_word' id='word_1_155' title='bbox 237 2525 381 2598; x_wconf 88' lang='lat' dir='ltr'>impetum</span> <span class='ocrx_word' id='word_1_156' title='bbox 412 2524 572 2581; x_wconf 88' lang='lat' dir='ltr'>coercebat</span> <span class='ocrx_word' id='word_1_157' title='bbox 584 2545 591 2597; x_wconf 89' lang='lat'>;</span> <span class='ocrx_word' id='word_1_158' title='bbox 629 2523 685 2581; x_wconf 87' lang='lat' dir='ltr'>sed</span> <span class='ocrx_word' id='word_1_159' title='bbox 712 2524 801 2597; x_wconf 89' lang='lat' dir='ltr'>quasi</span> <span class='ocrx_word' id='word_1_160' title='bbox 836 2524 867 2581; x_wconf 91' lang='lat' dir='ltr'>in</span> <span class='ocrx_word' id='word_1_161' title='bbox 903 2531 1019 2582; x_wconf 90' lang='lat' dir='ltr'>arctum</span> <span class='ocrx_word' id='word_1_162' title='bbox 1053 2525 1233 2582; x_wconf 78' lang='lat' dir='ltr'>coeuntibus</span> 
     </span>
     <span class='ocr_line' id='line_1_23' title="bbox 237 2618 1234 2695; baseline 0.003 -18"><span class='ocrx_word' id='word_1_163' title='bbox 237 2622 322 2695; x_wconf 89' lang='lat' dir='ltr'>ripis,</span> <span class='ocrx_word' id='word_1_164' title='bbox 339 2626 468 2691; x_wconf 86' lang='lat' dir='ltr'>torrens,</span> <span class='ocrx_word' id='word_1_165' title='bbox 486 2628 516 2677; x_wconf 91' lang='lat' dir='ltr'>et</span> <span class='ocrx_word' id='word_1_166' title='bbox 530 2618 641 2678; x_wconf 75' lang='lat' dir='ltr'>6elisus</span> <span class='ocrx_word' id='word_1_167' title='bbox 658 2623 832 2679; x_wconf 81' lang='lat' dir='ltr'>ferebatur:</span> <span class='ocrx_word' id='word_1_168' title='bbox 849 2623 1026 2695; x_wconf 88' lang='lat' dir='ltr'>occultaque</span> <span class='ocrx_word' id='word_1_169' title='bbox 1042 2640 1119 2678; x_wconf 86' lang='lat' dir='ltr'>saxa</span> <span class='ocrx_word' id='word_1_170' title='bbox 1133 2623 1234 2680; x_wconf 90' lang='lat' dir='ltr'>inesse</span> 
     </span>
     <span class='ocr_line' id='line_1_24' title="bbox 236 2716 1234 2793; baseline 0 -18"><span class='ocrx_word' id='word_1_171' title='bbox 236 2719 440 2776; x_wconf 87' lang='lat' dir='ltr'>ostendebant</span> <span class='ocrx_word' id='word_1_172' title='bbox 452 2719 587 2793; x_wconf 90' lang='lat' dir='ltr'>pluribus</span> <span class='ocrx_word' id='word_1_173' title='bbox 599 2719 674 2777; x_wconf 88' lang='lat' dir='ltr'>locis</span> <span class='ocrx_word' id='word_1_174' title='bbox 684 2720 784 2776; x_wconf 89' lang='lat' dir='ltr'>undae</span> <span class='ocrx_word' id='word_1_175' title='bbox 795 2716 1019 2793; x_wconf 79' lang='lat' dir='ltr'>⁷repereussac.</span> <span class='ocrx_word' id='word_1_176' title='bbox 1056 2718 1234 2776; x_wconf 87' lang='lat' dir='ltr'>Terribilior</span> 
     </span>
     <span class='ocr_line' id='line_1_25' title="bbox 236 2816 1234 2891; baseline 0 -18"><span class='ocrx_word' id='word_1_177' title='bbox 236 2821 302 2873; x_wconf 90' lang='lat' dir='ltr'>crat</span> <span class='ocrx_word' id='word_1_178' title='bbox 322 2816 419 2873; x_wconf 79' lang='lat' dir='ltr'>iacies</span> <span class='ocrx_word' id='word_1_179' title='bbox 440 2816 536 2889; x_wconf 91' lang='lat' dir='ltr'>ripae,</span> <span class='ocrx_word' id='word_1_180' title='bbox 553 2834 643 2889; x_wconf 93' lang='lat' dir='ltr'>quam</span> <span class='ocrx_word' id='word_1_181' title='bbox 664 2816 734 2889; x_wconf 90' lang='lat' dir='ltr'>equi</span> <span class='ocrx_word' id='word_1_182' title='bbox 750 2817 865 2890; x_wconf 88' lang='lat' dir='ltr'>virique</span> <span class='ocrx_word' id='word_1_183' title='bbox 882 2818 1118 2891; x_wconf 86' lang='lat' dir='ltr'>compleverant.</span> <span class='ocrx_word' id='word_1_184' title='bbox 1164 2816 1234 2874; x_wconf 86' lang='lat' dir='ltr'>Sta-</span> 
     </span>
     <span class='ocr_line' id='line_1_26' title="bbox 183 2914 1234 2989; baseline 0.001 -19"><span class='ocrx_word' id='word_1_185' title='bbox 183 2922 220 2971; x_wconf 78' lang='lat'>25</span> <span class='ocrx_word' id='word_1_186' title='bbox 237 2914 312 2971; x_wconf 89' lang='lat' dir='ltr'>bant</span> <span class='ocrx_word' id='word_1_187' title='bbox 332 2914 472 2989; x_wconf 84' lang='lat' dir='ltr'>ingentes</span> <span class='ocrx_word' id='word_1_188' title='bbox 487 2920 645 2971; x_wconf 83' lang='lat' dir='ltr'>vastorum</span> <span class='ocrx_word' id='word_1_189' title='bbox 667 2932 827 2987; x_wconf 91' lang='lat' dir='ltr'>corporum</span> <span class='ocrx_word' id='word_1_190' title='bbox 849 2915 955 2984; x_wconf 92' lang='lat' dir='ltr'>moles,</span> <span class='ocrx_word' id='word_1_191' title='bbox 973 2921 1003 2972; x_wconf 88' lang='lat' dir='ltr'>et</span> <span class='ocrx_word' id='word_1_192' title='bbox 1024 2916 1061 2971; x_wconf 92' lang='lat' dir='ltr'>de</span> <span class='ocrx_word' id='word_1_193' title='bbox 1083 2916 1234 2972; x_wconf 74' lang='lat' dir='ltr'>industria</span> 
     </span>
     <span class='ocr_line' id='line_1_27' title="bbox 237 3011 1232 3087; baseline 0 -19"><span class='ocrx_word' id='word_1_194' title='bbox 237 3011 374 3079; x_wconf 82' lang='lat' dir='ltr'>irritatas,</span> <span class='ocrx_word' id='word_1_195' title='bbox 391 3012 542 3068; x_wconf 90' lang='lat' dir='ltr'>horrendo</span> <span class='ocrx_word' id='word_1_196' title='bbox 558 3012 687 3067; x_wconf 89' lang='lat' dir='ltr'>stridore</span> <span class='ocrx_word' id='word_1_197' title='bbox 703 3028 791 3067; x_wconf 90' lang='lat' dir='ltr'>aures</span> <span class='ocrx_word' id='word_1_198' title='bbox 813 3012 995 3087; x_wconf 80' lang='lat' dir='ltr'>fatigabant.</span> <span class='ocrx_word' id='word_1_199' title='bbox 1039 3013 1141 3071; x_wconf 58' lang='lat' dir='ltr'>*Hinc</span> <span class='ocrx_word' id='word_1_200' title='bbox 1163 3014 1232 3069; x_wconf 91' lang='lat' dir='ltr'>hos-</span> 
     </span>
     <span class='ocr_line' id='line_1_28' title="bbox 236 3108 1233 3184; baseline 0.001 -19"><span class='ocrx_word' id='word_1_201' title='bbox 236 3110 288 3179; x_wconf 89' lang='lat' dir='ltr'>tis,</span> <span class='ocrx_word' id='word_1_202' title='bbox 302 3109 371 3165; x_wconf 90' lang='lat' dir='ltr'>hinc</span> <span class='ocrx_word' id='word_1_203' title='bbox 383 3108 481 3164; x_wconf 89' lang='lat' dir='ltr'>amnis</span> <span class='ocrx_word' id='word_1_204' title='bbox 493 3109 618 3182; x_wconf 89' lang='lat' dir='ltr'>capacia</span> <span class='ocrx_word' id='word_1_205' title='bbox 629 3109 751 3182; x_wconf 91' lang='lat' dir='ltr'>quidem</span> <span class='ocrx_word' id='word_1_206' title='bbox 761 3109 862 3165; x_wconf 90' lang='lat' dir='ltr'>bonae</span> <span class='ocrx_word' id='word_1_207' title='bbox 874 3110 939 3183; x_wconf 91' lang='lat' dir='ltr'>spei</span> <span class='ocrx_word' id='word_1_208' title='bbox 950 3116 1085 3183; x_wconf 83' lang='lat' dir='ltr'>pectora,</span> <span class='ocrx_word' id='word_1_209' title='bbox 1098 3116 1131 3169; x_wconf 88' lang='lat' dir='ltr'>et</span> <span class='ocrx_word' id='word_1_210' title='bbox 1141 3128 1233 3184; x_wconf 88' lang='lat' dir='ltr'>saepe</span> 
     </span>
    </p>
   </div>
   <div class='ocr_carea' id='block_1_3' title="bbox 182 3308 1233 3455">
    <p class='ocr_par' dir='ltr' id='par_1_5' title="bbox 182 3308 1233 3455">
     <span class='ocr_line' id='line_1_29' title="bbox 215 3308 1233 3373; baseline 0.002 -16"><span class='ocrx_word' id='word_1_211' title='bbox 215 3309 248 3358; x_wconf 88' lang='lat' dir='ltr'>A.</span> <span class='ocrx_word' id='word_1_212' title='bbox 273 3310 341 3357; x_wconf 92' lang='lat' dir='ltr'>Hinc</span> <span class='ocrx_word' id='word_1_213' title='bbox 365 3309 456 3368; x_wconf 86' lang='lat' dir='ltr'>hostis,</span> <span class='ocrx_word' id='word_1_214' title='bbox 473 3308 535 3355; x_wconf 92' lang='lat' dir='ltr'>hinc</span> <span class='ocrx_word' id='word_1_215' title='bbox 554 3308 638 3356; x_wconf 89' lang='lat' dir='ltr'>amnis</span> <span class='ocrx_word' id='word_1_216' title='bbox 656 3314 745 3357; x_wconf 87' lang='lat' dir='ltr'>tamen</span> <span class='ocrx_word' id='word_1_217' title='bbox 763 3316 947 3371; x_wconf 85' lang='lat' dir='ltr'>percusserant</span> <span class='ocrx_word' id='word_1_218' title='bbox 969 3310 1113 3371; x_wconf 80' lang='lat' dir='ltr'>improviso</span> <span class='ocrx_word' id='word_1_219' title='bbox 1133 3326 1233 3373; x_wconf 85' lang='lat' dir='ltr'>pavore</span> 
     </span>
     <span class='ocr_line' id='line_1_30' title="bbox 182 3392 1020 3455; baseline 0.001 -14"><span class='ocrx_word' id='word_1_220' title='bbox 182 3399 290 3455; x_wconf 90' lang='lat' dir='ltr'>pectora</span> <span class='ocrx_word' id='word_1_221' title='bbox 302 3392 408 3453; x_wconf 89' lang='lat' dir='ltr'>quidem</span> <span class='ocrx_word' id='word_1_222' title='bbox 420 3393 529 3454; x_wconf 86' lang='lat' dir='ltr'>capacia</span> <span class='ocrx_word' id='word_1_223' title='bbox 540 3393 625 3441; x_wconf 88' lang='lat' dir='ltr'>bonae</span> <span class='ocrx_word' id='word_1_224' title='bbox 638 3392 694 3453; x_wconf 88' lang='lat' dir='ltr'>spei</span> <span class='ocrx_word' id='word_1_225' title='bbox 706 3399 733 3440; x_wconf 90' lang='lat' dir='ltr'>et</span> <span class='ocrx_word' id='word_1_226' title='bbox 744 3392 853 3454; x_wconf 85' lang='lat' dir='ltr'>pectora</span> <span class='ocrx_word' id='word_1_227' title='bbox 864 3400 974 3454; x_wconf 84' lang='lat' dir='ltr'>experta</span> <span class='ocrx_word' id='word_1_228' title='bbox 985 3409 1020 3442; x_wconf 86' lang='lat' dir='ltr'>se.</span> 
     </span>
    </p>
   </div>
   <div class='ocr_carea' id='block_1_4' title="bbox 214 3566 1215 3875">
    <p class='ocr_par' dir='ltr' id='par_1_6' title="bbox 214 3566 1056 3630">
     <span class='ocr_line' id='line_1_31' title="bbox 214 3566 1056 3630; baseline 0 -14"><span class='ocrx_word' id='word_1_229' title='bbox 214 3567 224 3601; x_wconf 87' lang='lat'>1</span> <span class='ocrx_word' id='word_1_230' title='bbox 236 3568 330 3625; x_wconf 88' lang='lat' dir='ltr'>beluis,</span> <span class='ocrx_word' id='word_1_231' title='bbox 346 3568 432 3626; x_wconf 80' lang='lat' dir='ltr'>beasts,</span> <span class='ocrx_word' id='word_1_232' title='bbox 445 3566 573 3630; x_wconf 78' lang='lat' dir='ltr'>elephanta</span> <span class='ocrx_word' id='word_1_233' title='bbox 772 3567 783 3600; x_wconf 76' lang='lat'><strong>⁴</strong></span> <span class='ocrx_word' id='word_1_234' title='bbox 795 3569 872 3617; x_wconf 89' lang='lat' dir='ltr'>rudes</span> <span class='ocrx_word' id='word_1_235' title='bbox 885 3592 909 3611; x_wconf 95' lang='lat'><strong><em>=</em></strong></span> <span class='ocrx_word' id='word_1_236' title='bbox 922 3570 1056 3617; x_wconf 90' lang='lat' dir='ltr'>barbaros.</span> 
     </span>
    </p>

    <p class='ocr_par' dir='ltr' id='par_1_7' title="bbox 214 3648 1215 3797">
     <span class='ocr_line' id='line_1_32' title="bbox 214 3648 1215 3715; baseline 0.003 -18"><span class='ocrx_word' id='word_1_237' title='bbox 214 3649 225 3681; x_wconf 74' lang='lat'><strong>2</strong></span> <span class='ocrx_word' id='word_1_238' title='bbox 237 3650 377 3711; x_wconf 81' lang='lat' dir='ltr'>transfugo</span> <span class='ocrx_word' id='word_1_239' title='bbox 390 3656 417 3696; x_wconf 89' lang='lat' dir='ltr'>et</span> <span class='ocrx_word' id='word_1_240' title='bbox 429 3650 521 3710; x_wconf 86' lang='lat' dir='ltr'>regula</span> <span class='ocrx_word' id='word_1_241' title='bbox 536 3649 699 3713; x_wconf 82' lang='lat' dir='ltr'>(understand</span> <span class='ocrx_word' id='word_1_242' title='bbox 771 3648 782 3680; x_wconf 82' lang='lat'>⁶</span> <span class='ocrx_word' id='word_1_243' title='bbox 793 3651 926 3711; x_wconf 81' lang='lat' dir='ltr'>profundo</span> <span class='ocrx_word' id='word_1_244' title='bbox 938 3652 1023 3709; x_wconf 83' lang='lat' dir='ltr'>alveo,</span> <span class='ocrx_word' id='word_1_245' title='bbox 1036 3650 1096 3715; x_wconf 83' lang='lat' dir='ltr'>deep</span> <span class='ocrx_word' id='word_1_246' title='bbox 1108 3650 1215 3700; x_wconf 75' lang='lat' dir='ltr'>clanaei.</span> 
     </span>
     <span class='ocr_line' id='line_1_33' title="bbox 264 3730 1103 3797; baseline 0.004 -19"><span class='ocrx_word' id='word_1_247' title='bbox 264 3732 390 3793; x_wconf 69' lang='lat' dir='ltr'>traditis),</span> <span class='ocrx_word' id='word_1_248' title='bbox 400 3730 506 3777; x_wconf 81' lang='lat' dir='ltr'>deserter</span> <span class='ocrx_word' id='word_1_249' title='bbox 514 3730 567 3778; x_wconf 81' lang='lat' dir='ltr'>aad</span> <span class='ocrx_word' id='word_1_250' title='bbox 576 3730 699 3795; x_wconf 75' lang='lat' dir='ltr'>cbieJ‘laiu.</span> <span class='ocrx_word' id='word_1_251' title='bbox 771 3731 782 3762; x_wconf 77' lang='lat'><strong>⁶</strong></span> <span class='ocrx_word' id='word_1_252' title='bbox 793 3733 882 3790; x_wconf 82' lang='lat' dir='ltr'>elisus,</span> <span class='ocrx_word' id='word_1_253' title='bbox 899 3732 1011 3796; x_wconf 63' lang='lat' dir='ltr'>derling,</span> <span class='ocrx_word' id='word_1_254' title='bbox 1023 3733 1103 3797; x_wconf 71' lang='lat' dir='ltr'>roupi.</span> 
     </span>
    </p>

    <p class='ocr_par' dir='ltr' id='par_1_8' title="bbox 215 3810 1159 3875">
     <span class='ocr_line' id='line_1_34' title="bbox 215 3810 1159 3875; baseline 0.002 -15"><span class='ocrx_word' id='word_1_255' title='bbox 215 3812 225 3844; x_wconf 82' lang='lat'>³</span> <span class='ocrx_word' id='word_1_256' title='bbox 238 3813 334 3871; x_wconf 87' lang='lat' dir='ltr'>excuti,</span> <span class='ocrx_word' id='word_1_257' title='bbox 348 3810 502 3875; x_wconf 76' lang='lat' dir='ltr'>dischorped.</span> <span class='ocrx_word' id='word_1_258' title='bbox 772 3810 783 3844; x_wconf 82' lang='lat'>⁷</span> <span class='ocrx_word' id='word_1_259' title='bbox 795 3828 971 3875; x_wconf 88' lang='lat' dir='ltr'>repercussae,</span> <span class='ocrx_word' id='word_1_260' title='bbox 983 3813 1079 3862; x_wconf 77' lang='lat' dir='ltr'>dasbed</span> <span class='ocrx_word' id='word_1_261' title='bbox 1091 3814 1159 3864; x_wconf 83' lang='lat' dir='ltr'>back.</span> 
     </span>
    </p>
   </div>
   <div class='ocr_carea' id='block_1_5' title="bbox 0 0 1414 4300">
    <p class='ocr_par' dir='ltr' id='par_1_9' title="bbox 0 0 1414 4300">
     <span class='ocr_line' id='line_1_35' title="bbox 0 0 1414 4300; baseline 0 0"><span class='ocrx_word' id='word_1_262' title='bbox 0 0 1414 4300; x_wconf 95' lang='lat' dir='ltr'> </span> 
     </span>
    </p>
   </div>
  </div>
 </body>
</html>
