<?xml version="1.0" encoding="UTF-8"?>
<!DOCTYPE html PUBLIC "-//W3C//DTD XHTML 1.0 Transitional//EN"
    "http://www.w3.org/TR/xhtml1/DTD/xhtml1-transitional.dtd">
<html xmlns="http://www.w3.org/1999/xhtml" xml:lang="en" lang="en">
 <head>
  <title>
</title>
<meta http-equiv="Content-Type" content="text/html;charset=utf-8" />
  <meta name='ocr-system' content='tesseract 3.04.00' />
  <meta name='ocr-capabilities' content='ocr_page ocr_carea ocr_par ocr_line ocrx_word'/>
</head>
<body>
  <div class='ocr_page' id='page_1' title='image "./selectionsfroml01tomlgoog_0122.png"; bbox 0 0 2817 4300; ppageno 0'>
   <div class='ocr_carea' id='block_1_1' title="bbox 171 341 1035 416">
    <p class='ocr_par' dir='ltr' id='par_1_1' title="bbox 171 341 1035 416">
     <span class='ocr_line' id='line_1_1' title="bbox 171 341 1035 416; baseline 0.002 -11"><span class='ocrx_word' id='word_1_1' title='bbox 171 341 235 405; x_wconf 76' lang='lat'>102</span> <span class='ocrx_word' id='word_1_2' title='bbox 356 358 571 404; x_wconf 78' lang='lat' dir='ltr'>sunacrrons</span> <span class='ocrx_word' id='word_1_3' title='bbox 594 358 695 403; x_wconf 80' lang='lat' dir='ltr'>raon</span> <span class='ocrx_word' id='word_1_4' title='bbox 719 357 830 416; x_wconf 68' lang='lat' dir='ltr'>parm</span> <span class='ocrx_word' id='word_1_5' title='bbox 853 359 1035 408; x_wconf 79' lang='lat' dir='ltr'>Aornoas.</span> 
     </span>
    </p>
   </div>
   <div class='ocr_carea' id='block_1_2' title="bbox 427 544 969 618">
    <p class='ocr_par' dir='ltr' id='par_1_2' title="bbox 427 544 969 618">
     <span class='ocr_line' id='line_1_2' title="bbox 427 544 969 618; baseline 0 -16"><span class='ocrx_word' id='word_1_6' title='bbox 427 544 488 602; x_wconf 76' lang='lat' dir='ltr'>Tire</span> <span class='ocrx_word' id='word_1_7' title='bbox 503 547 720 618; x_wconf 80' lang='lat' dir='ltr'>preparatione</span> <span class='ocrx_word' id='word_1_8' title='bbox 734 547 771 618; x_wconf 87' lang='lat' dir='ltr'>os</span> <span class='ocrx_word' id='word_1_9' title='bbox 787 545 831 602; x_wconf 77' lang='lat' dir='ltr'>tire</span> <span class='ocrx_word' id='word_1_10' title='bbox 847 548 969 602; x_wconf 79' lang='lat' dir='ltr'>armies.</span> 
     </span>
    </p>
   </div>
   <div class='ocr_carea' id='block_1_3' title="bbox 159 659 1096 2101">
    <p class='ocr_par' dir='ltr' id='par_1_3' title="bbox 242 659 1064 832">
     <span class='ocr_line' id='line_1_3' title="bbox 281 659 1064 734; baseline 0.001 -17"><span class='ocrx_word' id='word_1_11' title='bbox 281 661 411 718; x_wconf 85' lang='lat' dir='ltr'>Postera</span> <span class='ocrx_word' id='word_1_12' title='bbox 425 659 479 717; x_wconf 89' lang='lat' dir='ltr'>vix</span> <span class='ocrx_word' id='word_1_13' title='bbox 494 676 628 714; x_wconf 90' lang='lat' dir='ltr'>summos</span> <span class='ocrx_word' id='word_1_14' title='bbox 643 659 809 734; x_wconf 80' lang='lat' dir='ltr'>spargebat</span> <span class='ocrx_word' id='word_1_15' title='bbox 824 659 935 716; x_wconf 91' lang='lat' dir='ltr'>lumine</span> <span class='ocrx_word' id='word_1_16' title='bbox 950 661 1064 718; x_wconf 88' lang='lat' dir='ltr'>montis</span> 
     </span>
     <span class='ocr_line' id='line_1_4' title="bbox 242 757 1018 832; baseline -0.001 -16"><span class='ocrx_word' id='word_1_17' title='bbox 242 765 310 816; x_wconf 87' lang='lat' dir='ltr'>orta</span> <span class='ocrx_word' id='word_1_18' title='bbox 324 759 401 828; x_wconf 75' lang='lat' dir='ltr'>dies,</span> <span class='ocrx_word' id='word_1_19' title='bbox 417 758 630 832; x_wconf 91' lang='lat' dir='ltr'>cumprimum</span> <span class='ocrx_word' id='word_1_20' title='bbox 645 757 708 814; x_wconf 89' lang='lat' dir='ltr'>alto</span> <span class='ocrx_word' id='word_1_21' title='bbox 723 775 755 813; x_wconf 88' lang='lat' dir='ltr'>se</span> <span class='ocrx_word' id='word_1_22' title='bbox 771 757 891 832; x_wconf 79' lang='lat' dir='ltr'>gurgite</span> <span class='ocrx_word' id='word_1_23' title='bbox 907 758 1018 815; x_wconf 88' lang='lat' dir='ltr'>tollunt</span> 
     </span>
    </p>

    <p class='ocr_par' dir='ltr' id='par_1_4' title="bbox 171 851 1096 1323">
     <span class='ocr_line' id='line_1_5' title="bbox 171 851 1000 930; baseline -0.008 -17"><span class='ocrx_word' id='word_1_24' title='bbox 171 865 227 914; x_wconf 90' lang='lat'>115</span> <span class='ocrx_word' id='word_1_25' title='bbox 243 857 317 913; x_wconf 91' lang='lat' dir='ltr'>solis</span> <span class='ocrx_word' id='word_1_26' title='bbox 332 856 401 930; x_wconf 89' lang='lat' dir='ltr'>equi</span> <span class='ocrx_word' id='word_1_27' title='bbox 416 856 573 929; x_wconf 89' lang='lat' dir='ltr'>lucemque</span> <span class='ocrx_word' id='word_1_28' title='bbox 586 851 691 912; x_wconf 80' lang='lat' dir='ltr'>1elatis</span> <span class='ocrx_word' id='word_1_29' title='bbox 707 855 832 912; x_wconf 88' lang='lat' dir='ltr'>naribus</span> <span class='ocrx_word' id='word_1_30' title='bbox 847 855 968 912; x_wconf 83' lang='lat' dir='ltr'>efflant:</span> <span class='ocrx_word' id='word_1_31' title='bbox 995 896 1000 906; x_wconf 90' lang='lat'>.</span> 
     </span>
     <span class='ocr_line' id='line_1_6' title="bbox 243 953 1096 1029; baseline -0.002 -17"><span class='ocrx_word' id='word_1_32' title='bbox 243 972 383 1028; x_wconf 85' lang='lat' dir='ltr'>eampum</span> <span class='ocrx_word' id='word_1_33' title='bbox 398 954 437 1011; x_wconf 92' lang='lat' dir='ltr'>ad</span> <span class='ocrx_word' id='word_1_34' title='bbox 452 960 606 1011; x_wconf 88' lang='lat' dir='ltr'>certamen</span> <span class='ocrx_word' id='word_1_35' title='bbox 621 971 750 1029; x_wconf 90' lang='lat' dir='ltr'>magnae</span> <span class='ocrx_word' id='word_1_36' title='bbox 766 953 823 1010; x_wconf 92' lang='lat' dir='ltr'>sub</span> <span class='ocrx_word' id='word_1_37' title='bbox 838 954 996 1011; x_wconf 88' lang='lat' dir='ltr'>moenibus</span> <span class='ocrx_word' id='word_1_38' title='bbox 1013 953 1096 1010; x_wconf 88' lang='lat' dir='ltr'>urbis</span> 
     </span>
     <span class='ocr_line' id='line_1_7' title="bbox 242 1050 967 1125; baseline 0 -17"><span class='ocrx_word' id='word_1_39' title='bbox 242 1052 372 1109; x_wconf 87' lang='lat' dir='ltr'>dimensi</span> <span class='ocrx_word' id='word_1_40' title='bbox 387 1051 542 1124; x_wconf 87' lang='lat' dir='ltr'>Rutiliqne</span> <span class='ocrx_word' id='word_1_41' title='bbox 558 1050 614 1108; x_wconf 85' lang='lat' dir='ltr'>viri</span> <span class='ocrx_word' id='word_1_42' title='bbox 628 1051 800 1125; x_wconf 78' lang='lat' dir='ltr'>Teucrique</span> <span class='ocrx_word' id='word_1_43' title='bbox 815 1052 967 1125; x_wconf 84' lang='lat' dir='ltr'>parabant</span> 
     </span>
     <span class='ocr_line' id='line_1_8' title="bbox 243 1135 1023 1223; baseline -0.001 -17"><span class='ocrx_word' id='word_1_44' title='bbox 243 1151 274 1206; x_wconf 93' lang='lat' dir='ltr'>in</span> <span class='ocrx_word' id='word_1_45' title='bbox 289 1150 448 1223; x_wconf 89' lang='lat' dir='ltr'>medioque</span> <span class='ocrx_word' id='word_1_46' title='bbox 464 1150 552 1206; x_wconf 84' lang='lat' dir='ltr'>focos</span> <span class='ocrx_word' id='word_1_47' title='bbox 567 1154 599 1206; x_wconf 88' lang='lat' dir='ltr'>et</span> <span class='ocrx_word' id='word_1_48' title='bbox 611 1145 675 1205; x_wconf 79' lang='lat' dir='ltr'>²dis</span> <span class='ocrx_word' id='word_1_49' title='bbox 691 1149 902 1206; x_wconf 88' lang='lat' dir='ltr'>communibus</span> <span class='ocrx_word' id='word_1_50' title='bbox 917 1167 986 1205; x_wconf 87' lang='lat' dir='ltr'>aras</span> <span class='ocrx_word' id='word_1_51' title='bbox 1021 1135 1023 1140; x_wconf 37' lang='lat'><strong>¹</strong></span> 
     </span>
     <span class='ocr_line' id='line_1_9' title="bbox 242 1246 1070 1323; baseline -0.001 -20"><span class='ocrx_word' id='word_1_52' title='bbox 242 1248 425 1323; x_wconf 77' lang='lat' dir='ltr'>gramineae.</span> <span class='ocrx_word' id='word_1_53' title='bbox 469 1246 534 1303; x_wconf 90' lang='lat' dir='ltr'>Alii</span> <span class='ocrx_word' id='word_1_54' title='bbox 549 1248 727 1319; x_wconf 82' lang='lat' dir='ltr'>fontemque</span> <span class='ocrx_word' id='word_1_55' title='bbox 743 1246 903 1322; x_wconf 85' lang='lat' dir='ltr'>ignemque</span> <span class='ocrx_word' id='word_1_56' title='bbox 919 1246 1070 1316; x_wconf 84' lang='lat' dir='ltr'>ferebant,</span> 
     </span>
    </p>

    <p class='ocr_par' dir='ltr' id='par_1_5' title="bbox 170 1340 917 1417">
     <span class='ocr_line' id='line_1_10' title="bbox 170 1340 917 1417; baseline -0.004 -16"><span class='ocrx_word' id='word_1_57' title='bbox 170 1352 227 1402; x_wconf 81' lang='lat'>120</span> <span class='ocrx_word' id='word_1_58' title='bbox 241 1345 335 1401; x_wconf 87' lang='lat' dir='ltr'>velati</span> <span class='ocrx_word' id='word_1_59' title='bbox 349 1342 437 1400; x_wconf 80' lang='lat' dir='ltr'>³limo</span> <span class='ocrx_word' id='word_1_60' title='bbox 451 1350 482 1401; x_wconf 88' lang='lat' dir='ltr'>et</span> <span class='ocrx_word' id='word_1_61' title='bbox 495 1340 645 1401; x_wconf 75' lang='lat' dir='ltr'>4verbena</span> <span class='ocrx_word' id='word_1_62' title='bbox 659 1349 799 1417; x_wconf 86' lang='lat' dir='ltr'>tempora</span> <span class='ocrx_word' id='word_1_63' title='bbox 814 1344 917 1400; x_wconf 87' lang='lat' dir='ltr'>vincti.</span> 
     </span>
    </p>

    <p class='ocr_par' dir='ltr' id='par_1_6' title="bbox 159 1441 1096 1807">
     <span class='ocr_line' id='line_1_11' title="bbox 159 1441 983 1516; baseline -0.002 -18"><span class='ocrx_word' id='word_1_64' title='bbox 159 1475 164 1486; x_wconf 55' lang='grc' dir='ltr'><em>ι</em></span> <span class='ocrx_word' id='word_1_65' title='bbox 241 1443 385 1499; x_wconf 81' lang='lat' dir='ltr'>Procedit</span> <span class='ocrx_word' id='word_1_66' title='bbox 397 1442 477 1516; x_wconf 90' lang='lat' dir='ltr'>legio</span> <span class='ocrx_word' id='word_1_67' title='bbox 491 1441 696 1509; x_wconf 84' lang='lat' dir='ltr'>Ausonidum,</span> <span class='ocrx_word' id='word_1_68' title='bbox 714 1441 869 1515; x_wconf 81' lang='lat' dir='ltr'>pilataque</span> <span class='ocrx_word' id='word_1_69' title='bbox 885 1441 983 1514; x_wconf 90' lang='lat' dir='ltr'>plenis</span> 
     </span>
     <span class='ocr_line' id='line_1_12' title="bbox 240 1538 1064 1616; baseline 0 -21"><span class='ocrx_word' id='word_1_70' title='bbox 240 1538 380 1616; x_wconf 76' lang='lat' dir='ltr'>⁵agmina</span> <span class='ocrx_word' id='word_1_71' title='bbox 394 1558 427 1596; x_wconf 92' lang='lat' dir='ltr'>se</span> <span class='ocrx_word' id='word_1_72' title='bbox 442 1539 578 1596; x_wconf 84' lang='lat' dir='ltr'>fundunt</span> <span class='ocrx_word' id='word_1_73' title='bbox 593 1539 699 1612; x_wconf 76' lang='lat' dir='ltr'>portis</span> <span class='ocrx_word' id='word_1_74' title='bbox 745 1538 826 1596; x_wconf 91' lang='lat' dir='ltr'>Hinc</span> <span class='ocrx_word' id='word_1_75' title='bbox 840 1539 951 1594; x_wconf 85' lang='lat' dir='ltr'>Troius</span> <span class='ocrx_word' id='word_1_76' title='bbox 966 1539 1064 1595; x_wconf 92' lang='lat' dir='ltr'>omnis</span> 
     </span>
     <span class='ocr_line' id='line_1_13' title="bbox 241 1635 947 1712; baseline -0.006 -18"><span class='ocrx_word' id='word_1_77' title='bbox 241 1638 477 1712; x_wconf 69' lang='lat' dir='ltr'>Tyrrhenusque</span> <span class='ocrx_word' id='word_1_78' title='bbox 491 1636 553 1694; x_wconf 89' lang='lat' dir='ltr'>ruit</span> <span class='ocrx_word' id='word_1_79' title='bbox 566 1636 660 1693; x_wconf 89' lang='lat' dir='ltr'>variis</span> <span class='ocrx_word' id='word_1_80' title='bbox 675 1636 829 1692; x_wconf 87' lang='lat' dir='ltr'>exercitus</span> <span class='ocrx_word' id='word_1_81' title='bbox 844 1635 947 1704; x_wconf 89' lang='lat' dir='ltr'>armis,</span> 
     </span>
     <span class='ocr_line' id='line_1_14' title="bbox 244 1733 1096 1807; baseline -0.004 -16"><span class='ocrx_word' id='word_1_82' title='bbox 244 1736 324 1792; x_wconf 90' lang='lat' dir='ltr'>haud</span> <span class='ocrx_word' id='word_1_83' title='bbox 340 1753 428 1791; x_wconf 86' lang='lat' dir='ltr'>secus</span> <span class='ocrx_word' id='word_1_84' title='bbox 444 1734 585 1792; x_wconf 88' lang='lat' dir='ltr'>instructi</span> <span class='ocrx_word' id='word_1_85' title='bbox 599 1735 691 1803; x_wconf 86' lang='lat' dir='ltr'>ferro,</span> <span class='ocrx_word' id='word_1_86' title='bbox 708 1750 798 1807; x_wconf 91' lang='lat' dir='ltr'>quam</span> <span class='ocrx_word' id='word_1_87' title='bbox 814 1733 840 1788; x_wconf 88' lang='lat' dir='ltr'>si</span> <span class='ocrx_word' id='word_1_88' title='bbox 856 1750 964 1806; x_wconf 88' lang='lat' dir='ltr'>aspera</span> <span class='ocrx_word' id='word_1_89' title='bbox 986 1733 1096 1789; x_wconf 88' lang='lat' dir='ltr'>Martis</span> 
     </span>
    </p>

    <p class='ocr_par' dir='ltr' id='par_1_7' title="bbox 170 1830 1017 2101">
     <span class='ocr_line' id='line_1_15' title="bbox 170 1830 996 1908; baseline -0.002 -20"><span class='ocrx_word' id='word_1_90' title='bbox 170 1839 226 1889; x_wconf 84' lang='lat'>125</span> <span class='ocrx_word' id='word_1_91' title='bbox 243 1850 346 1908; x_wconf 87' lang='lat' dir='ltr'>pugna</span> <span class='ocrx_word' id='word_1_92' title='bbox 359 1837 468 1900; x_wconf 83' lang='lat' dir='ltr'>rocot;</span> <span class='ocrx_word' id='word_1_93' title='bbox 483 1849 540 1889; x_wconf 91' lang='lat' dir='ltr'>nec</span> <span class='ocrx_word' id='word_1_94' title='bbox 555 1850 616 1888; x_wconf 94' lang='lat' dir='ltr'>non</span> <span class='ocrx_word' id='word_1_95' title='bbox 631 1831 740 1888; x_wconf 90' lang='lat' dir='ltr'>mediis</span> <span class='ocrx_word' id='word_1_96' title='bbox 756 1831 786 1887; x_wconf 95' lang='lat' dir='ltr'>in</span> <span class='ocrx_word' id='word_1_97' title='bbox 802 1831 922 1887; x_wconf 89' lang='lat' dir='ltr'>milibus</span> <span class='ocrx_word' id='word_1_98' title='bbox 938 1830 996 1903; x_wconf 90' lang='lat' dir='ltr'>ipsi</span> 
     </span>
     <span class='ocr_line' id='line_1_16' title="bbox 243 1927 907 2001; baseline -0.005 -15"><span class='ocrx_word' id='word_1_99' title='bbox 243 1929 385 1986; x_wconf 88' lang='lat' dir='ltr'>ductores</span> <span class='ocrx_word' id='word_1_100' title='bbox 400 1946 474 1985; x_wconf 89' lang='lat' dir='ltr'>auro</span> <span class='ocrx_word' id='word_1_101' title='bbox 488 1929 620 1985; x_wconf 82' lang='lat' dir='ltr'>volitant</span> <span class='ocrx_word' id='word_1_102' title='bbox 634 1934 778 2001; x_wconf 86' lang='lat' dir='ltr'>ostroque</span> <span class='ocrx_word' id='word_1_103' title='bbox 794 1927 907 1996; x_wconf 93' lang='lat' dir='ltr'>decori,</span> 
     </span>
     <span class='ocr_line' id='line_1_17' title="bbox 243 2025 1017 2101; baseline -0.004 -18"><span class='ocrx_word' id='word_1_104' title='bbox 243 2031 275 2083; x_wconf 86' lang='lat' dir='ltr'>et</span> <span class='ocrx_word' id='word_1_105' title='bbox 288 2044 385 2101; x_wconf 89' lang='lat' dir='ltr'>genus</span> <span class='ocrx_word' id='word_1_106' title='bbox 399 2027 548 2083; x_wconf 82' lang='lat' dir='ltr'>Assaraci</span> <span class='ocrx_word' id='word_1_107' title='bbox 562 2027 745 2082; x_wconf 88' lang='lat' dir='ltr'>Mnestheus</span> <span class='ocrx_word' id='word_1_108' title='bbox 761 2030 792 2082; x_wconf 90' lang='lat' dir='ltr'>et</span> <span class='ocrx_word' id='word_1_109' title='bbox 806 2025 896 2081; x_wconf 84' lang='lat' dir='ltr'>fortis</span> <span class='ocrx_word' id='word_1_110' title='bbox 911 2025 1017 2081; x_wconf 82' lang='lat' dir='ltr'>Asilas</span> 
     </span>
    </p>
   </div>
   <div class='ocr_carea' id='block_1_4' title="bbox 171 2122 1064 2686">
    <p class='ocr_par' dir='ltr' id='par_1_8' title="bbox 171 2122 1064 2686">
     <span class='ocr_line' id='line_1_18' title="bbox 243 2122 1032 2198; baseline -0.005 -16"><span class='ocrx_word' id='word_1_111' title='bbox 243 2131 274 2182; x_wconf 86' lang='lat' dir='ltr'>et</span> <span class='ocrx_word' id='word_1_112' title='bbox 287 2125 451 2198; x_wconf 85' lang='lat' dir='ltr'>Messapus</span> <span class='ocrx_word' id='word_1_113' title='bbox 467 2141 577 2197; x_wconf 91' lang='lat' dir='ltr'>equum</span> <span class='ocrx_word' id='word_1_114' title='bbox 591 2123 733 2193; x_wconf 89' lang='lat' dir='ltr'>domitor,</span> <span class='ocrx_word' id='word_1_115' title='bbox 751 2123 907 2198; x_wconf 88' lang='lat' dir='ltr'>Neptunia</span> <span class='ocrx_word' id='word_1_116' title='bbox 922 2122 1032 2196; x_wconf 90' lang='lat' dir='ltr'>proles.</span> 
     </span>
     <span class='ocr_line' id='line_1_19' title="bbox 242 2220 1064 2297; baseline -0.004 -18"><span class='ocrx_word' id='word_1_117' title='bbox 242 2222 346 2295; x_wconf 86' lang='lat' dir='ltr'>thue</span> <span class='ocrx_word' id='word_1_118' title='bbox 361 2224 434 2279; x_wconf 88' lang='lat' dir='ltr'>dato</span> <span class='ocrx_word' id='word_1_119' title='bbox 448 2221 537 2297; x_wconf 89' lang='lat' dir='ltr'>signo</span> <span class='ocrx_word' id='word_1_120' title='bbox 552 2221 653 2295; x_wconf 82' lang='lat' dir='ltr'>spatia.</span> <span class='ocrx_word' id='word_1_121' title='bbox 667 2222 698 2277; x_wconf 93' lang='lat' dir='ltr'>in</span> <span class='ocrx_word' id='word_1_122' title='bbox 714 2238 770 2277; x_wconf 91' lang='lat' dir='ltr'>sua</span> <span class='ocrx_word' id='word_1_123' title='bbox 784 2222 912 2294; x_wconf 88' lang='lat' dir='ltr'>quisque</span> <span class='ocrx_word' id='word_1_124' title='bbox 925 2220 1064 2287; x_wconf 80' lang='lat' dir='ltr'>recessit,</span> 
     </span>
     <span class='ocr_line' id='line_1_20' title="bbox 171 2317 998 2394; baseline -0.002 -19"><span class='ocrx_word' id='word_1_125' title='bbox 171 2326 227 2375; x_wconf 87' lang='lat'>130</span> <span class='ocrx_word' id='word_1_126' title='bbox 243 2320 380 2394; x_wconf 85' lang='lat' dir='ltr'>defigunt</span> <span class='ocrx_word' id='word_1_127' title='bbox 394 2319 502 2376; x_wconf 89' lang='lat' dir='ltr'>tellure</span> <span class='ocrx_word' id='word_1_128' title='bbox 517 2320 623 2376; x_wconf 89' lang='lat' dir='ltr'>hastas</span> <span class='ocrx_word' id='word_1_129' title='bbox 638 2323 670 2375; x_wconf 88' lang='lat' dir='ltr'>et</span> <span class='ocrx_word' id='word_1_130' title='bbox 684 2324 772 2375; x_wconf 89' lang='lat' dir='ltr'>scuta</span> <span class='ocrx_word' id='word_1_131' title='bbox 787 2317 945 2375; x_wconf 87' lang='lat' dir='ltr'>reclinant.</span> <span class='ocrx_word' id='word_1_132' title='bbox 995 2344 998 2350; x_wconf 95' lang='lat'>·</span> 
     </span>
     <span class='ocr_line' id='line_1_21' title="bbox 242 2415 1026 2491; baseline -0.003 -18"><span class='ocrx_word' id='word_1_133' title='bbox 242 2417 320 2473; x_wconf 92' lang='lat' dir='ltr'>Tum</span> <span class='ocrx_word' id='word_1_134' title='bbox 336 2417 438 2473; x_wconf 89' lang='lat' dir='ltr'>studio</span> <span class='ocrx_word' id='word_1_135' title='bbox 452 2418 565 2474; x_wconf 86' lang='lat' dir='ltr'>effusae</span> <span class='ocrx_word' id='word_1_136' title='bbox 580 2422 694 2473; x_wconf 88' lang='lat' dir='ltr'>matres</span> <span class='ocrx_word' id='word_1_137' title='bbox 710 2420 741 2473; x_wconf 86' lang='lat' dir='ltr'>et</span> <span class='ocrx_word' id='word_1_138' title='bbox 755 2415 863 2491; x_wconf 90' lang='lat' dir='ltr'>volgus</span> <span class='ocrx_word' id='word_1_139' title='bbox 879 2416 1026 2472; x_wconf 91' lang='lat' dir='ltr'>inermum</span> 
     </span>
     <span class='ocr_line' id='line_1_22' title="bbox 243 2514 961 2587; baseline -0.004 -17"><span class='ocrx_word' id='word_1_140' title='bbox 243 2514 428 2587; x_wconf 90' lang='lat' dir='ltr'>invalidique</span> <span class='ocrx_word' id='word_1_141' title='bbox 444 2533 533 2572; x_wconf 90' lang='lat' dir='ltr'>senes</span> <span class='ocrx_word' id='word_1_142' title='bbox 547 2514 639 2572; x_wconf 88' lang='lat' dir='ltr'>turris</span> <span class='ocrx_word' id='word_1_143' title='bbox 654 2532 691 2572; x_wconf 89' lang='lat' dir='ltr'>ac</span> <span class='ocrx_word' id='word_1_144' title='bbox 706 2518 788 2571; x_wconf 87' lang='lat' dir='ltr'>tecta</span> <span class='ocrx_word' id='word_1_145' title='bbox 802 2514 961 2570; x_wconf 92' lang='lat' dir='ltr'>domorum</span> 
     </span>
     <span class='ocr_line' id='line_1_23' title="bbox 241 2610 933 2686; baseline -0.004 -18"><span class='ocrx_word' id='word_1_146' title='bbox 241 2612 400 2681; x_wconf 87' lang='lat' dir='ltr'>obsedere,</span> <span class='ocrx_word' id='word_1_147' title='bbox 418 2612 470 2668; x_wconf 87' lang='lat' dir='ltr'>alii</span> <span class='ocrx_word' id='word_1_148' title='bbox 485 2612 582 2686; x_wconf 86' lang='lat' dir='ltr'>portis</span> <span class='ocrx_word' id='word_1_149' title='bbox 597 2610 779 2667; x_wconf 88' lang='lat' dir='ltr'>sublimibus</span> <span class='ocrx_word' id='word_1_150' title='bbox 797 2610 933 2667; x_wconf 88' lang='lat' dir='ltr'>adstant.</span> 
     </span>
    </p>
   </div>
   <div class='ocr_carea' id='block_1_5' title="bbox 325 2770 1053 2846">
    <p class='ocr_par' dir='ltr' id='par_1_9' title="bbox 325 2770 1053 2846">
     <span class='ocr_line' id='line_1_24' title="bbox 325 2770 1053 2846; baseline -0.007 -14"><span class='ocrx_word' id='word_1_151' title='bbox 325 2774 410 2833; x_wconf 84' lang='lat' dir='ltr'>Juno</span> <span class='ocrx_word' id='word_1_152' title='bbox 426 2775 586 2846; x_wconf 81' lang='lat' dir='ltr'>influeacea</span> <span class='ocrx_word' id='word_1_153' title='bbox 600 2772 737 2831; x_wconf 75' lang='grc' dir='ltr'>ι1111111111</span> <span class='ocrx_word' id='word_1_154' title='bbox 752 2778 780 2827; x_wconf 84' lang='lat' dir='ltr'>to</span> <span class='ocrx_word' id='word_1_155' title='bbox 796 2770 887 2827; x_wconf 78' lang='lat' dir='ltr'>break</span> <span class='ocrx_word' id='word_1_156' title='bbox 903 2770 950 2827; x_wconf 81' lang='lat' dir='ltr'>the</span> <span class='ocrx_word' id='word_1_157' title='bbox 964 2778 1053 2827; x_wconf 82' lang='lat' dir='ltr'>truce.</span> 
     </span>
    </p>
   </div>
   <div class='ocr_carea' id='block_1_6' title="bbox 170 2884 1107 3350">
    <p class='ocr_par' dir='ltr' id='par_1_10' title="bbox 170 2884 1107 3350">
     <span class='ocr_line' id='line_1_25' title="bbox 282 2884 1067 2958; baseline -0.005 -14"><span class='ocrx_word' id='word_1_158' title='bbox 282 2887 327 2944; x_wconf 88' lang='lat' dir='ltr'>At</span> <span class='ocrx_word' id='word_1_159' title='bbox 341 2888 420 2944; x_wconf 92' lang='lat' dir='ltr'>Iuno</span> <span class='ocrx_word' id='word_1_160' title='bbox 435 2904 451 2943; x_wconf 93' lang='lat' dir='ltr'>e</span> <span class='ocrx_word' id='word_1_161' title='bbox 466 2903 595 2955; x_wconf 91' lang='lat' dir='ltr'>summo,</span> <span class='ocrx_word' id='word_1_162' title='bbox 611 2885 663 2958; x_wconf 90' lang='lat' dir='ltr'>qui</span> <span class='ocrx_word' id='word_1_163' title='bbox 678 2902 758 2942; x_wconf 90' lang='lat' dir='ltr'>nunc</span> <span class='ocrx_word' id='word_1_164' title='bbox 773 2884 914 2941; x_wconf 89' lang='lat' dir='ltr'>Albanus</span> <span class='ocrx_word' id='word_1_165' title='bbox 928 2884 1067 2953; x_wconf 88' lang='lat' dir='ltr'>habetur,</span> 
     </span>
     <span class='ocr_line' id='line_1_26' title="bbox 170 2980 1107 3058; baseline -0.005 -17"><span class='ocrx_word' id='word_1_166' title='bbox 170 2992 226 3041; x_wconf 85' lang='lat'>135</span> <span class='ocrx_word' id='word_1_167' title='bbox 242 2989 306 3041; x_wconf 89' lang='grc'><strong>111111</strong></span> <span class='ocrx_word' id='word_1_168' title='bbox 322 3001 419 3058; x_wconf 89' lang='lat' dir='ltr'>neque</span> <span class='ocrx_word' id='word_1_169' title='bbox 434 3002 545 3041; x_wconf 88' lang='lat' dir='ltr'>nomeu</span> <span class='ocrx_word' id='word_1_170' title='bbox 559 2988 626 3040; x_wconf 88' lang='lat' dir='ltr'>erat</span> <span class='ocrx_word' id='word_1_171' title='bbox 640 3000 696 3039; x_wconf 90' lang='lat' dir='ltr'>nec</span> <span class='ocrx_word' id='word_1_172' title='bbox 710 2983 808 3039; x_wconf 91' lang='lat' dir='ltr'>honos</span> <span class='ocrx_word' id='word_1_173' title='bbox 824 2986 877 3038; x_wconf 91' lang='lat' dir='ltr'>aut</span> <span class='ocrx_word' id='word_1_174' title='bbox 890 2981 987 3056; x_wconf 87' lang='lat' dir='ltr'>gloria</span> <span class='ocrx_word' id='word_1_175' title='bbox 1001 2980 1107 3049; x_wconf 87' lang='lat' dir='ltr'>monti,</span> 
     </span>
     <span class='ocr_line' id='line_1_27' title="bbox 242 3078 1078 3155; baseline -0.006 -17"><span class='ocrx_word' id='word_1_176' title='bbox 242 3082 431 3155; x_wconf 88' lang='lat' dir='ltr'>prospiciens</span> <span class='ocrx_word' id='word_1_177' title='bbox 447 3081 562 3138; x_wconf 88' lang='lat' dir='ltr'>tumulo</span> <span class='ocrx_word' id='word_1_178' title='bbox 576 3099 718 3154; x_wconf 91' lang='lat' dir='ltr'>campum</span> <span class='ocrx_word' id='word_1_179' title='bbox 733 3081 914 3153; x_wconf 84' lang='lat' dir='ltr'>aspectabat</span> <span class='ocrx_word' id='word_1_180' title='bbox 928 3084 959 3135; x_wconf 88' lang='lat' dir='ltr'>et</span> <span class='ocrx_word' id='word_1_181' title='bbox 973 3078 1078 3134; x_wconf 90' lang='lat' dir='ltr'>ambas</span> 
     </span>
     <span class='ocr_line' id='line_1_28' title="bbox 242 3175 1020 3251; baseline -0.006 -16"><span class='ocrx_word' id='word_1_182' title='bbox 242 3180 427 3236; x_wconf 89' lang='lat' dir='ltr'>Laurentum</span> <span class='ocrx_word' id='word_1_183' title='bbox 443 3179 616 3251; x_wconf 88' lang='lat' dir='ltr'>Troumque</span> <span class='ocrx_word' id='word_1_184' title='bbox 632 3178 713 3235; x_wconf 90' lang='lat' dir='ltr'>acies</span> <span class='ocrx_word' id='word_1_185' title='bbox 729 3178 893 3249; x_wconf 87' lang='lat' dir='ltr'>urbemque</span> <span class='ocrx_word' id='word_1_186' title='bbox 908 3175 1020 3232; x_wconf 89' lang='lat' dir='ltr'>Latini.</span> 
     </span>
     <span class='ocr_line' id='line_1_29' title="bbox 242 3276 910 3350; baseline -0.006 -17"><span class='ocrx_word' id='word_1_187' title='bbox 242 3276 407 3350; x_wconf 84' lang='lat' dir='ltr'>Extemplo</span> <span class='ocrx_word' id='word_1_188' title='bbox 421 3276 517 3332; x_wconf 92' lang='lat' dir='ltr'>Turni</span> <span class='ocrx_word' id='word_1_189' title='bbox 532 3276 576 3333; x_wconf 92' lang='lat' dir='ltr'>sic</span> <span class='ocrx_word' id='word_1_190' title='bbox 592 3282 639 3332; x_wconf 90' lang='lat' dir='ltr'>est</span> <span class='ocrx_word' id='word_1_191' title='bbox 654 3276 761 3331; x_wconf 84' lang='lat' dir='ltr'>adfata</span> <span class='ocrx_word' id='word_1_192' title='bbox 776 3290 910 3330; x_wconf 90' lang='lat' dir='ltr'>sororem</span> 
     </span>
    </p>
   </div>
   <div class='ocr_carea' id='block_1_7' title="bbox 211 3435 1167 3829">
    <p class='ocr_par' dir='ltr' id='par_1_11' title="bbox 211 3435 712 3502">
     <span class='ocr_line' id='line_1_30' title="bbox 211 3435 712 3502; baseline -0.008 -14"><span class='ocrx_word' id='word_1_193' title='bbox 211 3438 222 3472; x_wconf 88' lang='lat'>1</span> <span class='ocrx_word' id='word_1_194' title='bbox 234 3440 311 3489; x_wconf 85' lang='lat' dir='ltr'>elatis</span> <span class='ocrx_word' id='word_1_195' title='bbox 323 3440 439 3498; x_wconf 85' lang='lat' dir='ltr'>naribus,</span> <span class='ocrx_word' id='word_1_196' title='bbox 452 3436 558 3502; x_wconf 80' lang='lat' dir='ltr'>uplijled</span> <span class='ocrx_word' id='word_1_197' title='bbox 569 3435 674 3485; x_wconf 81' lang='lat' dir='ltr'>nostrils.</span> <span class='ocrx_word' id='word_1_198' title='bbox 711 3496 712 3499; x_wconf 8' lang='grc' dir='ltr'><strong>Ἴ</strong></span> 
     </span>
    </p>

    <p class='ocr_par' dir='ltr' id='par_1_12' title="bbox 211 3515 1167 3666">
     <span class='ocr_line' id='line_1_31' title="bbox 211 3515 1167 3576; baseline -0.008 -7"><span class='ocrx_word' id='word_1_199' title='bbox 211 3520 223 3554; x_wconf 80' lang='lat'><em>²</em></span> <span class='ocrx_word' id='word_1_200' title='bbox 234 3522 273 3571; x_wconf 89' lang='lat' dir='ltr'>dis</span> <span class='ocrx_word' id='word_1_201' title='bbox 285 3522 476 3571; x_wconf 89' lang='lat' dir='ltr'>communibus.</span> <span class='ocrx_word' id='word_1_202' title='bbox 511 3520 556 3568; x_wconf 93' lang='lat' dir='ltr'>Dii</span> <span class='ocrx_word' id='word_1_203' title='bbox 574 3534 726 3568; x_wconf 89' lang='lat' dir='ltr'>communes</span> <span class='ocrx_word' id='word_1_204' title='bbox 739 3524 800 3567; x_wconf 86' lang='lat' dir='ltr'>sunt</span> <span class='ocrx_word' id='word_1_205' title='bbox 812 3517 892 3576; x_wconf 86' lang='lat' dir='ltr'>Mars,</span> <span class='ocrx_word' id='word_1_206' title='bbox 905 3516 1026 3574; x_wconf 84' lang='lat' dir='ltr'>Bellona,</span> <span class='ocrx_word' id='word_1_207' title='bbox 1040 3515 1167 3563; x_wconf 83' lang='lat' dir='ltr'>Victoria.</span> 
     </span>
     <span class='ocr_line' id='line_1_32' title="bbox 211 3598 963 3666; baseline -0.007 -14"><span class='ocrx_word' id='word_1_208' title='bbox 211 3603 223 3636; x_wconf 79' lang='lat'><strong>⁸</strong></span> <span class='ocrx_word' id='word_1_209' title='bbox 234 3605 311 3653; x_wconf 91' lang='lat' dir='ltr'>limo:</span> <span class='ocrx_word' id='word_1_210' title='bbox 330 3620 362 3651; x_wconf 83' lang='lat' dir='ltr'>aa</span> <span class='ocrx_word' id='word_1_211' title='bbox 375 3620 451 3666; x_wconf 85' lang='lat' dir='ltr'>aproa</span> <span class='ocrx_word' id='word_1_212' title='bbox 464 3619 528 3650; x_wconf 82' lang='lat' dir='ltr'>worn</span> <span class='ocrx_word' id='word_1_213' title='bbox 541 3603 570 3666; x_wconf 75' lang='lat' dir='ltr'>by</span> <span class='ocrx_word' id='word_1_214' title='bbox 582 3601 619 3649; x_wconf 81' lang='lat' dir='ltr'>tle</span> <span class='ocrx_word' id='word_1_215' title='bbox 634 3601 725 3665; x_wconf 79' lang='lat' dir='ltr'>priests</span> <span class='ocrx_word' id='word_1_216' title='bbox 737 3599 801 3647; x_wconf 80' lang='lat' dir='ltr'>when</span> <span class='ocrx_word' id='word_1_217' title='bbox 814 3598 963 3663; x_wconf 61' lang='lat' dir='ltr'>sucrificinp.</span> 
     </span>
    </p>

    <p class='ocr_par' dir='ltr' id='par_1_13' title="bbox 211 3683 572 3749">
     <span class='ocr_line' id='line_1_33' title="bbox 211 3683 572 3749; baseline 0 -18"><span class='ocrx_word' id='word_1_218' title='bbox 211 3685 223 3718; x_wconf 78' lang='lat'>4</span> <span class='ocrx_word' id='word_1_219' title='bbox 235 3687 358 3743; x_wconf 82' lang='lat' dir='ltr'>verbena,</span> <span class='ocrx_word' id='word_1_220' title='bbox 368 3683 472 3749; x_wconf 71' lang='lat' dir='ltr'>foliage,</span> <span class='ocrx_word' id='word_1_221' title='bbox 485 3683 572 3732; x_wconf 84' lang='lat' dir='ltr'>leaves.</span> 
     </span>
    </p>

    <p class='ocr_par' dir='ltr' id='par_1_14' title="bbox 212 3763 794 3829">
     <span class='ocr_line' id='line_1_34' title="bbox 212 3763 794 3829; baseline -0.009 -14"><span class='ocrx_word' id='word_1_222' title='bbox 212 3764 340 3829; x_wconf 70' lang='lat' dir='ltr'>‘agmina</span> <span class='ocrx_word' id='word_1_223' title='bbox 353 3766 437 3827; x_wconf 80' lang='lat' dir='ltr'>pilate</span> <span class='ocrx_word' id='word_1_224' title='bbox 448 3788 472 3808; x_wconf 96' lang='lat'>=</span> <span class='ocrx_word' id='word_1_225' title='bbox 486 3766 593 3827; x_wconf 84' lang='lat' dir='ltr'>agmine</span> <span class='ocrx_word' id='word_1_226' title='bbox 610 3769 713 3812; x_wconf 83' lang='lat' dir='ltr'>armata</span> <span class='ocrx_word' id='word_1_227' title='bbox 725 3763 794 3823; x_wconf 86' lang='lat' dir='ltr'>pilis.</span> 
     </span>
    </p>
   </div>
   <div class='ocr_carea' id='block_1_8' title="bbox 0 0 1414 4300">
    <p class='ocr_par' dir='ltr' id='par_1_15' title="bbox 0 0 1414 4300">
     <span class='ocr_line' id='line_1_35' title="bbox 0 0 1414 4300; baseline 0 0"><span class='ocrx_word' id='word_1_228' title='bbox 0 0 1414 4300; x_wconf 95' lang='lat' dir='ltr'> </span> 
     </span>
    </p>
   </div>
  </div>
 </body>
</html>
