2817 4300
543 361 661 438 subur
686 389 882 436 uxraaors.
1168 374 1235 440 ’167

186 563 472 638 impedimentorum
493 578 636 637 maguam
661 563 780 634 partem
795 559 983 630 contuleram
1012 561 1070 619 huc
1094 579 1239 638 magnum

187 679 345 717 numerum
359 661 505 732 equdrum
526 659 617 731 hujus
632 657 705 714 belli
720 674 813 714 causa
828 657 859 714 in
874 658 965 715 Italia
980 663 1071 732 atque
1086 659 1239 734 Hispania

186 764 361 832 coemptum
385 756 519 814 miserat.
563 756 611 812 Eo
635 772 727 828 quum
751 755 945 828 Eporedorix
969 756 1238 830 Viridomarusque

186 855 345 913 venissent
380 859 412 911 et
442 853 480 910 de
509 858 591 910 statu
628 851 763 911 civitatis
800 853 1029 927 cognovissem,
1068 854 1239 911 Litavicum

186 954 329 1010 Bibracte
351 952 391 1009 ab
411 951 530 1008 Aeduis
552 954 719 1024 receptum,
742 950 825 1022 quod
846 954 894 1006 est
914 951 1060 1024 oppidum
1083 951 1164 1025 apud
1186 969 1239 1008 eos

186 1051 338 1106 maximae
353 1049 557 1117 auctoritatis,
570 1045 848 1106 Conuictolitauem
858 1048 1071 1123 magistratum
1083 1066 1238 1124 magnam-

186 1165 244 1221 que
266 1153 384 1220 partem
399 1151 525 1202 senatus
540 1146 579 1202 ad
594 1163 667 1202 eum·
677 1144 870 1214 convenisse,
887 1144 1006 1220 legatos
1021 1145 1060 1202 ad
1076 1145 1239 1222 Vercinge-

186 1246 316 1320 torigem
330 1245 368 1302 de
390 1262 465 1318 pace
480 1249 512 1301 et
528 1243 662 1309 amicitia
683 1243 875 1300 concilianda
896 1243 1016 1316 publice
1037 1244 1160 1313 missos,
1178 1262 1239 1300 non

186 1343 490 1416 praetermittendum
514 1346 634 1397 tantum
654 1340 847 1397 commodum
867 1339 1131 1398 existimaverunt.
1176 1340 1239 1398 Ita-

187 1457 245 1512 que
267 1439 439 1496 interfectis
461 1438 640 1496 Novioduni
660 1438 838 1495 custodibus
864 1439 975 1512 quique
1000 1456 1037 1495 eo
1062 1439 1240 1515 negotiandi

187 1554 281 1593 causa
305 1541 522 1604 convenerant,
550 1537 711 1610 pecuniam
736 1543 827 1610 atque
853 1553 947 1609 equos
972 1537 1051 1593 inter
1076 1555 1108 1593 se
1134 1537 1240 1611 partiti

187 1640 277 1704 sunt3
299 1635 423 1692 obsides
445 1635 604 1692 civitatum
627 1633 770 1691 Bibracte
794 1634 834 1690 ad
857 1634 1069 1710 magistratum
1088 1636 1239 1692 deducen-
1268 1712 1271 1717 .

187 1733 243 1789 dos
269 1736 470 1802 curaverunt,
503 1732 661 1806 oppidum,
691 1732 773 1804 quod
802 1732 841 1788 ab
870 1749 903 1788 se
932 1732 1030 1788 teneri
1058 1751 1118 1789 non
1147 1751 1239 1806 posse

186 1831 378 1904 judicabant,
401 1848 439 1886 ne
464 1829 514 1886 cui
537 1834 621 1886 esset
645 1829 714 1885 usui
739 1828 897 1897 Romanis,
924 1830 1142 1898 incenderunt3
1176 1831 1239 1887 fru-

187 1924 281 1985 menti
305 1928 388 2000 quod
408 1927 512 1984 subito
535 1931 711 2001 potuerunt,
735 1927 864 1983 navibus
888 1933 1067 1997 avexerunt,
1091 1928 1240 2002 reliquum

186 2025 309 2081 flumine
331 2030 423 2097 atque
445 2025 586 2082 incendio
600 2029 818 2098 corruperunt;
842 2024 900 2098 ipsi
916 2043 955 2082 ex
970 2025 1106 2082 finitimis
1121 2026 1239 2100 region-

98 2127 100 2130 ‘
186 2122 255 2180 ibus
278 2122 385 2197 copias
407 2139 528 2198 cogere,
551 2121 704 2197 praesidia
719 2122 936 2197 custodiasque
955 2123 994 2181 ad
1016 2123 1098 2198 ripas
1120 2122 1239 2199 Ligeris

185 2221 348 2295 disponere
377 2220 605 2294 equitatumque
641 2220 782 2276 omnibus
819 2219 894 2278 locis
931 2220 1088 2294 inJ‘iciendi
1122 2220 1239 2277 timoris

186 2336 279 2375 causa
302 2322 458 2375 ostentare
483 2321 660 2391 coeperunt,
686 2317 714 2373 si
737 2317 776 2373 ab
802 2334 833 2374 re
858 2318 1059 2375 frumentaria
1083 2318 1240 2375 Romanos

185 2416 349 2473 excludere
370 2420 509 2490 possent.
554 2414 653 2488 Quam
668 2416 708 2472 ad
729 2432 815 2489 spem
836 2415 964 2472 multum
983 2433 1036 2474 eos
1057 2416 1237 2490 adjuvabat,

185 2513 267 2585 quod
288 2512 380 2588 Liger
401 2530 441 2569 ex
464 2512 586 2569 nivibus
601 2517 751 2582 creverat,
769 2520 803 2569 ut
824 2513 949 2570 omuino
965 2514 1046 2571 vado
1064 2531 1125 2571 uon
1149 2531 1238 2588 posse

185 2610 310 2668 transiri
332 2608 498 2667 videretur.

511 2778 559 2835 58.
587 2778 659 2835 Tun
681 2776 817 2836 Gonnus
837 2776 921 2837 Acm

305 2893 410 2950 Aurea
424 2892 523 2966 prima
537 2896 606 2948 ssts
620 2896 669 2949 est
683 2896 780 2963 aetas,
797 2910 887 2966 quae,
903 2894 1023 2953 vindice
1039 2894 1132 2966 nullu,

267 2989 382 3063 Sponte
398 3007 454 3046 sua
468 2989 534 3046 sine
550 2989 617 3065 lege
631 2989 723 3047 fidem
737 2995 912 3064 rectumque
928 2991 1058 3050 colebat.

266 3087 370 3144 Poena
384 3092 543 3161 metusque
558 3087 707 3155 aberant;
730 3104 786 3145 uec
800 3088 896 3145 verba
909 3089 1041 3147 minacis
1055 3090 1118 3147 fixo

266 3185 346 3241 Aere
362 3184 561 3259 legebantur3
585 3201 641 3240 nec
656 3183 787 3258 supplex
802 3186 893 3242 turba
907 3186 1056 3244 timebant

264 3281 383 3338 Judicis
397 3298 452 3338 ora
467 3280 532 3337 sui:
556 3281 611 3337 sed
626 3286 715 3339 erant
730 3281 794 3338 siue
810 3282 930 3340 vindice
946 3284 1014 3341 tuti.

266 3377 410 3435 Nondum
426 3395 516 3435 caesa
530 3378 606 3448 suis,
622 3378 815 3455 peregrinum
830 3384 865 3437 ut
878 3381 992 3438 viseret
1005 3381 1120 3448 orbem,

265 3475 425 3533 Montibus
440 3475 471 3531 in
486 3474 618 3548 liquidas
633 3476 724 3550 pinus
739 3477 941 3535 descenderat
954 3478 1070 3535 undas:

264 3572 417 3646 Nullaque
432 3573 588 3653 mortales,
606 3578 727 3646 praeter
742 3591 808 3643 sua,
825 3573 915 3631 litora
929 3580 1051 3632 norant.

264 3669 410 3727 Nondum
426 3670 608 3744 praecipites
622 3670 789 3746 cingebant
803 3671 916 3744 oppida
931 3672 1051 3741 fossae3

265 3766 295 3823 N
297 3785 336 3824 011
351 3768 427 3824 tuba
441 3767 560 3837 directi,
577 3783 638 3825 uon
655 3767 734 3825 seris
749 3784 863 3824 cornua
878 3768 960 3839 flexi,
