2817 4300
531 344 650 390 sacar
673 342 871 390 nxrsaors.
1163 325 1225 392 217

175 513 267 571 rebus
292 513 409 570 favisse
432 514 587 583 credebat,
611 513 784 572 interfecit:
810 519 841 571 et
865 514 1005 572 conscius
1030 512 1108 571 male
1133 531 1225 587 quae-

176 610 263 667 rendi
283 610 370 686 regni
393 610 432 668 ab
454 628 487 668 se
508 611 577 684 ipso
598 611 747 669 adversus
772 627 805 668 se
830 611 1004 685 exemplum
1028 611 1096 685 capi
1121 629 1223 686 posse,

176 707 300 764 armatis
325 723 435 781 corpus
463 708 705 782 circumsaepsit.
750 709 857 782 Neque
886 709 967 766 enim
994 709 1035 765 ad
1061 709 1112 782 jus
1140 711 1226 787 regni

175 805 337 878 quicquam
359 811 479 880 praeter
492 807 556 863 vim
577 806 729 875 babebat;
751 806 858 880 utqui
879 823 977 880 neque
999 806 1103 880 populi
1124 808 1223 880 jussu,
1310 819 1312 823 ’

175 920 273 976 neque
299 903 473 961 auctoribus
497 903 653 974 Patribus,
673 908 826 980 regnaret.
870 903 917 962 Eo
939 905 1115 974 accedebat,
1139 905 1225 962 utin

176 1001 303 1058 caritate
318 1000 430 1059 civium
446 1001 520 1058 nihil
542 1001 609 1077 spei
629 1001 791 1082 reponenti
811 1006 895 1058 metu
915 1019 1043 1078 regnum
1064 1003 1225 1060 tutandum

176 1104 277 1157 esset:
306 1116 397 1172 quem
420 1104 454 1156 ut
479 1099 615 1172 pluribus
643 1100 804 1169 incuteret,
831 1099 1022 1175 cognitiones
1050 1100 1224 1173 capitalium

174 1213 275 1253 rerum
290 1197 355 1254 sine
370 1196 505 1254 consiliis
520 1215 574 1270 per
588 1215 621 1254 se
636 1197 719 1254 solus
735 1198 916 1254 exercebat:
941 1215 1053 1271 perque
1071 1215 1138 1254 eam
1155 1215 1224 1255 cau·

175 1311 243 1350 sam
261 1295 410 1363 occidere,
427 1294 458 1350 in
480 1294 622 1351 exsilium
643 1312 745 1370 agere,
761 1294 851 1351 bonis
872 1294 1001 1351 multare
1023 1299 1143 1368 poterat
1164 1313 1224 1352 non

176 1395 336 1465 suspectos
364 1392 456 1449 modo
484 1398 537 1449 aut
564 1392 692 1462 invisos,
719 1393 774 1449 sed
801 1393 883 1449 unde
912 1391 986 1449 nihil
1014 1392 1108 1462 aliud,
1135 1406 1225 1466 qnam

176 1489 333 1563 praedam,
360 1507 482 1563 sperare
510 1494 625 1563 posset.
676 1489 727 1546 Ita
755 1490 882 1546 Patrum
909 1489 1071 1564 praecipue
1100 1508 1225 1547 numero

176 1586 336 1644 imminuto
357 1586 467 1644 statuit
487 1586 586 1644 nullos
609 1587 639 1643 in
663 1588 773 1644 Patres
797 1586 917 1662 legere:
940 1604 1002 1660 quo
1023 1587 1227 1661 contemptior

176 1684 330 1757 paucitate
346 1683 413 1757 ipsa
427 1685 503 1741 ordo
517 1689 610 1753 esset,
626 1683 786 1758 minusque
802 1702 903 1758 perse
919 1684 994 1740 nihil
1015 1685 1065 1760 agi
1087 1684 1225 1760 indigna·

175 1785 291 1838 rentur.
334 1780 396 1838 Hic
410 1781 491 1838 enim
505 1798 611 1856 regum
625 1782 740 1854 primus
755 1763 901 1839 traditum
916 1782 1097 1855 aprioribus
1112 1800 1226 1839 morem

176 1879 215 1936 de
234 1878 376 1936 omnibus
398 1882 538 1935 senatum
560 1879 738 1935 consulendi
758 1879 868 1936 solvit:
892 1878 1069 1937 domesticis
1091 1879 1226 1937 consiliis

176 1975 394 2049 rempublicam
415 1975 658 2033 administravit:
683 1975 805 2046 bellum,
830 1994 947 2050 paoem,
970 1977 1106 2046 foedera,
1131 1977 1227 2034 socie·

176 2078 257 2131 tates
272 2091 326 2147 per
340 2091 373 2130 se
388 2073 465 2146 ipse,
482 2091 550 2130 cum
564 2073 675 2146 quibus
690 2073 797 2140 voluit,
814 2073 934 2146 injussu
956 2074 1060 2148 populi
1082 2092 1117 2132 ac
1139 2079 1227 2130 s'ena-

176 2179 238 2241 tus,
255 2172 331 2229 fecit
350 2171 541 2244 diremilque.
566 2174 569 2179 '
586 2172 764 2228 Latinorum
786 2172 845 2228 sibi
865 2172 997 2229 maxime
1019 2178 1142 2248 gentem
1156 2190 1226 2230 con·

177 2269 312 2339 cibabat,
328 2274 363 2326 ut
381 2269 550 2343 peregrinis
564 2286 685 2341 qnoque
699 2269 808 2343 opibus
823 2269 917 2327 tutior
930 2270 1010 2326 inter
1024 2271 1106 2327 cives
1124 2278 1225 2327 esset:

177 2384 275 2440 neque
297 2366 419 2439 hospita
440 2367 530 2424 modo
552 2383 621 2423 cum
644 2365 826 2439 primoribus
849 2384 961 2436 eorum,
985 2367 1040 2424 sed
1062 2368 1226 2424 affinitates

177 2481 297 2537 qnoque
326 2464 484 2538 jungebat.
528 2461 659 2521 Octavio
684 2463 823 2520 Mamilio
849 2462 1108 2521 Tusculano-is
1136 2463 1226 2539 longe

177 2562 320 2636 princeps
341 2560 445 2617 Latini
466 2560 597 2617 nominis
619 2565 696 2630 erat,
714 2561 740 2617 si
765 2561 867 2618 famae
892 2561 1054 2631 credimus,
1072 2563 1111 2620 ab
1133 2561 1226 2619 Ulixe

177 2660 295 2732 deaque
323 2657 411 2716 Circe
439 2657 676 2715 oriundus-ei
703 2657 843 2715 Mamilio
871 2658 963 2715 liliam
994 2664 1122 2733 nuptum
1153 2660 1225 2727 dat3

177 2773 290 2831 perque
319 2772 372 2813 eas
400 2755 524 2829 nuptias
552 2755 664 2811 multos
691 2754 751 2811 sibi
779 2760 926 2831 cognatos
954 2755 1128 2829 amicosque
1161 2758 1227 2830 ejus

177 2853 331 2911 conciliat.

218 2952 297 3019 Nec,
312 2956 348 3007 ut
360 2950 495 3023 injustus
510 2949 541 3005 in
556 2965 632 3023 pace
646 2966 713 3017 rex,
729 2948 772 3005 ita
786 2950 850 3006 dux
865 2948 936 3006 belli
952 2967 1064 3023 pravus
1079 2951 1150 3009 fnit.
1194 2950 1227 3007 Is

178 3048 293 3122 primus
306 3046 429 3105 Volscis
444 3046 556 3104 bellurn
571 3045 677 3114 movit,
701 3044 904 3119 Suessamque
925 3045 1097 3103 Pometiam
1118 3064 1158 3103 ox
1179 3045 1227 3103 'nis

176 3147 208 3202 vi
223 3146 314 3220 cepit.
358 3144 420 3204 Ubi
434 3162 527 3217 quum
541 3142 736 3200 divendenda
751 3144 865 3216 praeda
886 3143 1090 3219 quadraginta
1110 3143 1228 3201 talenta

177 3242 297 3318 argenti
312 3242 436 3316 aurique
450 3240 622 3310 refecisset,
639 3240 780 3313 concepit
794 3238 896 3297 animo
912 3258 979 3297 earn
998 3240 1227 3314 amplitudinem

177 3342 266 3399 Jovis
294 3340 412 3415 templi,
441 3339 521 3413 qnae
548 3338 643 3414 digna
670 3338 761 3395 deum
788 3338 1003 3411 hominumque
1036 3355 1119 3414 rege,
1150 3354 1227 3411 quae

178 3439 318 3497 Romano
346 3438 484 3513 imperio,
508 3454 587 3510 qnae
615 3435 711 3509 ipsius
736 3435 829 3493 etiam
853 3434 912 3493 loci
940 3436 1103 3508 majestate
1133 3439 1225 3491 esset.

178 3535 341 3612 Captivam
357 3536 517 3611 pecuniam
531 3535 563 3591 in
578 3532 820 3591 aedificationem
836 3534 903 3605 ejus
918 3532 1023 3606 templi
1039 3532 1185 3605 seposuit.

218 3635 351 3708 Excepit
365 3634 476 3691 deinde
493 3650 562 3690 eum
579 3631 691 3689 lentius
714 3648 769 3704 spe
790 3630 914 3699 bellum,
931 3647 992 3702 quo
1014 3628 1143 3694 Gabios,
1160 3646 1229 3702 pro-

178 3732 324 3806 pinquam
351 3731 469 3799 urbem,
494 3729 696 3804 nequicquam
723 3727 755 3785 vi
784 3727 920 3796 adortus,
947 3744 1040 3800 quum
1067 3726 1229 3783 obsidendi
