2817 4300
178 372 240 436 206
360 387 576 436 suuncrrons
599 387 701 434 raon
724 387 837 434 namu
853 388 1044 450 ¹Aurnoaa.

177 559 246 616 Rex
260 559 361 617 victus
376 559 407 615 in
421 557 496 615 Nilo
510 557 612 632 periit,
629 557 846 631 inventumque
868 563 917 615 est
938 575 1048 631 corpus
1070 558 1137 630 ejus
1160 573 1234 614 cum

177 656 272 713 lorica
293 674 395 712 aurea.
440 654 566 725 Caesar,
589 653 781 712 Alexandria
801 655 929 730 potitus,
952 673 1079 731 regnum
1100 654 1233 728 Cleopa-

178 760 243 810 trae
271 753 367 810 dedit.
424 752 503 809 Tum
531 753 601 809 inde
630 754 785 828 profectus
813 751 1067 826 Pompeianarum
1097 752 1234 826 partium

178 851 323 924 reliquias
348 855 397 907 est
424 854 614 925 persecutus,
640 849 790 922 bellisque
818 850 959 907 civilibus
988 855 1054 906 toto
1082 855 1233 906 terrarum

178 950 252 1006 orbe
267 947 453 1022 compositis,
468 947 597 1004 Romam
612 947 712 1004 rediit.
756 947 819 1006 Ubi
833 965 925 1020 quum
941 946 1121 1004 insolentius
1139 964 1233 1022 agere

179 1046 342 1120 coepisset,
367 1047 561 1117 conjuratum
585 1051 633 1102 est
656 1045 687 1101 in
710 1063 778 1102 eum
802 1063 820 1101 a
844 1045 1006 1120 sexaginta
1029 1044 1078 1102 vel
1100 1045 1232 1118 amplius

180 1143 386 1211 senatoribus,
402 1142 615 1215 equitibusque
637 1142 795 1199 Romania.
839 1142 999 1216 Praecipui
1014 1143 1137 1198 suerunt
1151 1141 1233 1199 inter

180 1242 358 1313 conjuratos
384 1239 471 1296 Bruti
496 1240 557 1296 duo
582 1257 621 1296 ex
646 1257 757 1314 genere
786 1238 867 1296 illius
893 1239 990 1306 Brun,
1017 1239 1079 1312 qui,
1107 1239 1233 1315 regibus

181 1337 330 1412 expulsis,
348 1337 462 1411 primus
477 1336 592 1394 Romae
612 1336 720 1394 consul
741 1337 853 1393 iuerat.
898 1337 981 1412 Ergo
996 1335 1121 1406 Caesar,
1137 1354 1231 1409 quum

181 1435 212 1490 in
227 1434 342 1492 curiam
355 1433 502 1503 venisset,
519 1434 629 1509 viginti
644 1434 741 1490 tribus
756 1433 932 1490 vulneribus
948 1433 1110 1490 confossus
1126 1437 1184 1490 cst.

452 1646 520 1700 100.
548 1645 620 1701 Tun
642 1647 729 1701 Lair
751 1663 790 1702 ou
812 1645 957 1703 Curemus,

222 1777 339 1833 Eodem
365 1793 456 1844 anno,
485 1793 538 1832 seu
562 1781 647 1832 motu
671 1781 782 1845 terrae,
810 1793 864 1832 seu
885 1793 946 1848 qua
969 1776 999 1832 vi
1024 1776 1094 1844 alia,
1119 1776 1234 1831 Forum

182 1873 326 1941 medium,
343 1873 438 1928 ferme
459 1889 552 1945 specu
567 1878 667 1940 vasto,
685 1871 855 1946 collapsum
876 1873 907 1929 in
929 1873 1108 1929 immensam
1129 1871 1233 1928 altitu·

182 1971 284 2027 dinem
306 1970 433 2026 dicitur:
464 1986 520 2026 nec
541 1987 578 2026 ea
599 1987 714 2045 vorago
735 1971 877 2042 conjectu
898 1974 1007 2039 terrae,
1032 1987 1099 2026 cum
1120 1986 1176 2042 pro
1198 1986 1232 2025 se

181 2069 309 2141 quisque
330 2073 459 2142 gereret,
484 2065 601 2140 expleri
621 2068 733 2140 potuit,
757 2067 965 2140 priusquam,
988 2068 1078 2124 deum
1101 2067 1230 2135 monitu,

181 2167 348 2240 quaeritur,
362 2165 429 2237 Quo
444 2165 606 2238 plurimum
620 2165 750 2239 populus
766 2165 922 2222 Romanus
938 2170 1052 2239 posset.
1098 2165 1135 2221 Iu
1150 2164 1232 2221 enim

182 2263 226 2319 illi
240 2263 308 2319 loco
322 2263 484 2320 dicandum
496 2268 584 2319 vates
599 2263 763 2332 canebant,
781 2263 807 2319 si
821 2262 1039 2336 rempublicam
1053 2267 1232 2335 perpetuam

182 2378 250 2417 esse
265 2358 390 2416 vellent.

222 2457 302 2513 Tum
323 2457 369 2511 M.
386 2455 521 2525 Curtius,
545 2456 666 2528 juvenis
687 2456 769 2513 bello
791 2457 942 2533 egregius,
960 2456 1123 2533 castigavit
1143 2456 1232 2514 dubi-

182 2559 285 2612 tantes
306 2572 346 2609 an
366 2554 460 2609 ullum
481 2554 579 2628 magis
599 2553 769 2609 Romanum
791 2554 905 2610 bonum
926 2559 1018 2622 esset,
1035 2572 1126 2627 quam
1147 2566 1250 2609 arma*

182 2652 350 2723 virtusque.
396 2650 523 2707 Silentio
545 2651 641 2719 facto,
658 2651 781 2707 intuens
803 2652 917 2725 templa
931 2651 1057 2707 deorum
1077 2652 1232 2707 immorta-

182 2748 264 2819 lium,
296 2765 375 2820 quae
406 2749 486 2803 Foro
517 2748 685 2817 imminent,
720 2747 976 2821 Capitoliumque,
1010 2751 1047 2806 et*
1071 2748 1232 2823 porrigens

182 2863 290 2902 manus
313 2845 444 2902 nuncin
471 2844 598 2914 caelum,
622 2846 755 2902 nuncin
778 2851 919 2919 patentes
942 2852 1040 2903 terrae
1065 2845 1166 2902 hiatus
1192 2846 1231 2902 ad

93 2941 95 2946 ’
182 2944 257 3001 deos
272 2944 394 3010 Manes,
407 2960 440 2999 se
455 2942 590 2999 devovit.
635 2944 722 3016 Equo
737 2943 846 3000 deiude
862 2961 952 3017 quam
967 2943 1231 3018 poteratmaxime

182 3046 332 3098 exornato
346 3040 494 3109 insidens,
511 3045 659 3096 armatum
677 3058 711 3097 se
733 3040 764 3097 in
786 3059 911 3114 specum
926 3040 1068 3098 immisit:
1091 3041 1231 3114 donaque

183 3156 219 3195 ac
234 3139 339 3214 fruges
355 3155 529 3211 supereum
544 3155 562 3193 a
577 3137 770 3195 multitudine
785 3138 918 3195 virorum
933 3156 969 3195 ac
984 3138 1142 3195 mulierum
1159 3142 1232 3195 sunt

183 3241 366 3311 congestae3
389 3234 533 3308 lacusque
548 3232 671 3291 Curtius
687 3235 799 3291 abhoc
814 3241 862 3292 est
876 3234 1058 3309 appellatus.

559 3448 626 3502 101.
657 3446 856 3503 Ianicunrns.

223 3577 393 3650 Iphicrates
407 3576 607 3634 Atheniensis
622 3595 682 3633 non
698 3582 761 3633 tam
779 3577 988 3652 magnitudine
1010 3596 1108 3635 rerum
1130 3584 1232 3653 gesta-

182 3692 248 3730 rum
262 3692 353 3746 quam
370 3673 531 3747 disciplina
544 3673 668 3731 militari
682 3673 862 3731 nobilitatus
877 3680 934 3732 est.
979 3675 1051 3732 Fuit
1064 3675 1143 3732 enim
1160 3673 1232 3731 talia

181 3771 257 3837 dux,
274 3774 309 3825 ut
330 3787 390 3825 non
413 3768 510 3825 solum
532 3770 643 3826 aetatis
668 3788 741 3826 suae
767 3788 834 3827 oum
861 3772 966 3845 primis
991 3778 1229 3846 compararetur,
