2817 4300
199 368 263 432 224
381 385 598 434 sunncrrous
620 385 722 433 raon
744 385 857 432 nArru
880 385 1060 434 nurnous.

198 560 308 629 satque
323 573 368 624 se,
385 555 466 628 quod
481 573 529 613 me
544 561 689 613 moretur.
733 556 754 614 J
755 573 805 613 am
820 557 916 614 densa
930 555 1030 632 oaligo
1044 556 1139 632 tergis
1154 556 1252 614 immi·

199 654 304 722 nebat,
327 671 405 726 quae
427 670 494 722 nos,
518 653 662 710 torrentis
683 655 774 712 modo
797 653 899 710 infusa
920 659 1030 724 terrae,
1054 655 1249 728 sequebatur.

198 752 261 808 Vix
276 751 520 821 consederamus,
536 756 568 807 et
582 767 656 818 nox,
673 769 734 808 non
749 751 847 824 qualis
868 751 969 809 illunis
991 757 1044 808 aut
1065 751 1179 823 nubila,
1197 753 1252 810 sed

199 847 299 922 qualis
320 849 351 905 in
373 848 449 905 loeis
473 848 584 906 olausis
605 849 719 907 lumine
745 849 909 906 exstincte.
962 850 1095 907 Audires
1116 850 1252 908 ululatus

199 946 391 1017 feminarum,
406 946 571 1003 infantium
582 945 757 1019 quiritatuS,
772 946 920 1004 clamores
931 947 1074 1005 virorum.
1105 949 1148 1005 Hi
1163 967 1253 1006 suum

200 1061 304 1101 casum
318 1043 361 1102 illi
377 1060 500 1100 suornm
515 1043 749 1114 miserabantur,
767 1051 854 1101 erant
867 1044 919 1117 qui
940 1050 1023 1102 metu
1044 1046 1150 1103 mortis
1172 1064 1252 1103 mor-

199 1146 262 1198 tem
283 1145 489 1214 precarentur.
532 1140 625 1198 Multi
646 1142 685 1197 ad
700 1142 775 1199 deos
792 1159 900 1198 manus
915 1142 1039 1211 tollere3
1062 1143 1164 1216 plures
1179 1161 1253 1200 nus-

199 1255 292 1310 quam
304 1240 367 1310 jam
378 1239 453 1295 deos
463 1238 554 1307 ullos,
563 1243 778 1313 aeternamque
791 1238 874 1296 illam
883 1243 915 1296 et
923 1239 1120 1297 novissimam
1129 1246 1253 1298 noctem

200 1336 314 1393 mundo
329 1335 619 1409 interpretabantur.

579 1565 647 1621 116.
678 1564 757 1622 Drns
778 1565 869 1622 Inna.

481 1711 556 1768 mes
571 1671 729 1779 iraesues
743 1710 796 1768 ura

482 1807 589 1865 Solvet
603 1808 738 1866 saeelum
752 1809 784 1864 in
798 1808 922 1866 favilla:

481 1906 575 1963 Teste
590 1905 693 1963 David
708 1923 777 1963 oum
792 1904 918 1982 Sibylla.

482 2083 623 2158 Quantus
638 2090 751 2142 tremor
765 2091 814 2142 est
827 2087 960 2157 futurus,

481 2181 612 2255 Quando
626 2184 722 2256 judex
737 2188 785 2239 est
799 2189 957 2252 venturus,

480 2277 600 2337 Cuncta
614 2280 719 2337 stricte
734 2280 945 2337 discussurus!

481 2457 581 2527 Tuba,
597 2457 706 2514 mirum
720 2475 869 2533 spargens
884 2475 1004 2529 sonum,

478 2554 538 2611 Per
552 2553 691 2628 sepulcra
706 2555 874 2630 regionum,

481 2649 579 2727 Coget
593 2668 699 2707 omnes
715 2656 787 2709 ante
802 2653 953 2709 thronum.

479 2828 566 2885 Mors
581 2828 719 2902 stupebit
733 2833 765 2886 et
779 2838 899 2900 natura,
930 2853 933 2858 ·

480 2924 580 2998 Quum
594 2930 735 3001 resurget
749 2932 898 2996 ereatura,

479 3022 638 3081 Judicanti
652 3041 848 3097 responsura.
932 3096 956 3107 1

480 3200 572 3257 Liber
586 3201 718 3274 scriptus
733 3202 916 3275 proferetur,

479 3299 593 3375 Inquo
606 3302 706 3355 totum
720 3299 903 3368 continetur,

477 3396 568 3455 Unde
584 3398 714 3453 mundus
729 3397 891 3469 judicetur.

476 3574 581 3631 ludex
595 3591 669 3650 ergo
679 3592 773 3648 quum
788 3575 916 3645 sedebit,

479 3668 633 3743 Quidquid
647 3671 724 3728 latet
739 3674 916 3745 apparebit:

477 3765 531 3820 Nil
545 3766 674 3823 inultum
689 3769 867 3825 remanebit.
