2817 4300
187 395 229 459 46
371 409 587 458 snLuchONs
610 411 714 458 FROM
735 410 849 457 LATIN
870 409 1053 458 AUTHORS.

228 598 273 655 M.
292 595 446 655 CICERO
468 597 557 654 IMP.
576 596 608 656 S.
626 599 666 655 D.
684 599 729 654 M.
748 597 904 656 CAELIO
926 597 1078 700 AEDInl
1099 593 1194 658 CUR.

364 719 425 768 Sca.
439 719 603 768 Laonrcuan
616 735 708 768 unusn
724 721 890 768 Faunusmo
901 734 927 769 A.
938 735 963 768 u.
974 734 998 769 c.
1008 719 1064 768 704.

286 832 335 908 (1)
361 831 406 888 Μ.
424 831 532 896 Fadio,
549 832 615 888 viro
630 832 747 906 optimo
762 838 793 888 ot
809 832 930 888 homine
945 831 1135 901 doctissimo,
1151 831 1238 887 fami·

241 930 402 986 liarissimc
422 936 491 986 utor
510 925 710 1002 1mirificeque
729 947 798 986 eum
818 928 913 1004 diligo
927 946 995 986 cum
1015 934 1140 1002 propter
1157 945 1238 984 sum-

242 1045 323 1084 mum
344 1027 498 1102 ingenium
518 1026 583 1083 eius
604 1043 812 1099 summamque
833 1026 1015 1095 doctrinam,
1032 1031 1096 1082 tum
1114 1031 1239 1099 propter

243 1124 426 1200 singularem
442 1123 622 1180 modestiam
634 1143 644 1190 ε,
665 1125 730 1180 eius
745 1124 900 1199 negotium
912 1124 957 1180 sio
967 1122 1059 1180 velim
1074 1123 1236 1196 suscipiaS,

210 1231 226 1279 5
243 1228 277 1286 ut
298 1222 324 1278 si
344 1226 427 1279 esset
446 1239 494 1278 res
517 1239 593 1278 mea.
646 1222 729 1278 Novi
749 1239 806 1297 ego
826 1239 881 1278 vos
901 1239 1029 1296 magnos
1052 1217 1236 1295 ²patronos:

243 1319 393 1376 hominem
421 1319 542 1376 occidat
569 1324 701 1393 oportet,
733 1319 784 1393 qui
813 1325 916 1376 vestra
951 1337 1044 1393 opera
1078 1318 1122 1375 uti
1150 1318 1236 1375 velit.

244 1416 304 1474 Sed
327 1416 357 1472 in
378 1417 435 1473 hoc
457 1416 578 1473 homine
600 1416 715 1473 nullam
733 1416 850 1490 accipio
865 1416 1113 1473 excusationem:
1136 1416 1240 1473 omnia

243 1507 405 1586 relinques,
423 1514 449 1570 si
471 1530 518 1570 me
540 1514 668 1578 amabis
686 1531 755 1571 oum
775 1519 828 1571 tua
847 1532 940 1588 opera
954 1515 1068 1570 Fadius
1084 1514 1127 1570 uti
1142 1513 1236 1570 volet.

243 1611 311 1688 Ego
333 1629 382 1667 res
405 1611 559 1668 Romanas
582 1612 778 1668 vehementer
800 1592 948 1685 exspecto
973 1617 1004 1668 et
1028 1612 1179 1680 desidem,
1206 1611 1240 1667 in

191 1715 228 1765 10
243 1707 407 1783 primisque
429 1708 501 1780 quid
524 1725 598 1782 agas
621 1708 696 1765 scire
719 1708 826 1781 cupio;
858 1726 929 1764 uam
953 1708 1013 1764 iam
1039 1708 1091 1764 diu
1115 1713 1240 1781 propter

243 1805 350 1862 hiemis
365 1805 607 1879 magnitudinem
620 1802 712 1861 ³nihil
732 1805 803 1863 novi
819 1806 858 1862 ad
876 1823 932 1862 nos
948 1805 1156 1863 adserebatur.

440 2023 594 2082 cronno
620 2004 760 2082 Appio
775 2025 864 2082 mr.
889 2024 921 2083 s.
945 2026 986 2083 n.

468 2135 530 2187 Sca.
545 2137 646 2185 Roman
660 2153 685 2187 n.
696 2153 723 2187 u.
732 2153 756 2187 c.
770 2138 816 2187 702
827 2153 965 2188 axnuura.

302 2250 351 2327 (1)
378 2249 411 2308 si
433 2251 500 2323 ipsa
519 2267 567 2305 res
586 2250 708 2323 publica
725 2250 781 2306 tibi
800 2268 921 2307 narrare
942 2256 1057 2325 posset,
1074 2269 1134 2324 quo
1149 2253 1240 2309 modo

244 2367 311 2407 sese
331 2348 468 2415 haberet,
485 2364 546 2402 non
567 2347 687 2403 facilius
703 2365 743 2403 ex
758 2366 795 2404 ea
809 2364 993 2422 cognoscere
1013 2366 1131 2422 posses,
1148 2367 1240 2422 quam

244 2466 283 2505 ex
304 2444 429 2502 ⁴liberto
449 2449 502 2501 tuo
522 2444 658 2512 Phania,
685 2444 728 2501 ita
743 2451 791 2501 est
806 2446 895 2501 homo
910 2463 971 2501 non
986 2447 1077 2503 modo
1092 2447 1238 2520 prudcnS,

192 2552 228 2601 15
244 2561 349 2601 verum
369 2542 472 2611 etiam,
491 2542 573 2615 quod
593 2541 687 2611 iuvet,
706 2543 853 2598 curiosus
898 2542 1091 2617 Quapropter
1111 2544 1161 2600 ille
1184 2543 1241 2600 tibi

244 2642 345 2698 omnia
370 2639 566 2713 explanabit3
601 2640 631 2696 id
661 2639 742 2695 enim
768 2640 840 2695 mihi
865 2644 896 2696 et
921 2641 960 2697 ad
986 2640 1166 2698 brevitatem
1192 2646 1241 2698 est

244 2739 344 2813 aptius
366 2743 398 2794 ct
419 2737 458 2793 ad
479 2735 611 2809 reliquas
633 2754 682 2793 res
705 2738 926 2811 providentius.
978 2737 1026 2795 De
1048 2756 1115 2794 mea
1138 2743 1240 2795 autem

245 2834 456 2893 benevolentia
476 2852 548 2908 erga
566 2838 608 2902 te,
625 2833 683 2890 etsi
707 2840 795 2908 potes
810 2853 849 2891 ex
867 2835 974 2892 eodem
995 2836 1113 2892 Phania
1128 2853 1240 2911 cogno-

244 2951 339 3003 scere,
366 2937 468 2989 tamen
494 2931 636 2987 videntur
661 2931 752 2988 ctiam
781 2932 900 3006 aliquae
928 2951 1014 2990 meae
1040 2939 1163 3014 partes:¹
1196 2933 1240 2991 sic
1281 2933 1285 2941 '

191 3038 229 3088 20
244 3032 324 3088 enim
346 3029 402 3086 tibi
423 3029 583 3102 persuade,
601 3029 789 3085 carissimum
810 3036 840 3088 te
856 3031 928 3087 mihi
948 3049 1015 3087 esse
1031 3049 1098 3089 cum
1116 3038 1241 3106 propter

245 3127 355 3184 multas
377 3126 547 3183 suavitates
572 3126 697 3202 ingenii,
722 3128 822 3198 officii,
846 3129 1044 3186 humanitatis
1069 3135 1152 3197 tuae,
1175 3135 1239 3187 tum

244 3226 325 3298 quod
343 3240 383 3281 ex
399 3224 459 3280 tuis
474 3223 584 3280 litteris
599 3230 630 3281 et
652 3242 691 3281 ex
712 3226 874 3282 multorum
889 3228 1079 3286 sermonibus
1095 3230 1240 3305 intellego

244 3322 451 3394 omnia,q11ae
473 3339 491 3377 a
510 3340 557 3378 me
579 3323 717 3395 profecta
736 3330 808 3380 simt
827 3324 858 3380 in
878 3330 920 3393 te,
937 3326 992 3382 tibi
1008 3326 1156 3384 accidisse
1171 3345 1239 3400 gra-

244 3420 373 3476 tissima.
419 3418 507 3491 Quod
530 3436 597 3475 cum
619 3419 662 3475 ita
684 3420 735 3489 sit,
758 3420 913 3501 perficiam
934 3423 1085 3495 profecto,
1102 3428 1137 3480 ut
1156 3423 1240 3498 longi

366 3579 373 3609 ¹
388 3581 505 3639 mirifice,
516 3580 573 3630 adv.
587 3581 773 3644 (mirusfacio),
786 3582 952 3649 wonderfully,
964 3583 1101 3651 especially.

365 3662 376 3695 ²
388 3669 515 3724 patronus
528 3662 626 3726 (pater)
637 3680 641 3711 :
659 3680 712 3726 spa.
725 3665 878 3715 advocatus.

364 3744 375 3777 ⁸
387 3745 453 3793 nihil
466 3744 536 3802 novi,
548 3742 643 3808 nothinp
658 3744 711 3809 (pf)
725 3762 782 3795 new.

363 3825 375 3861 ⁴
387 3826 481 3876 liberto
497 3825 656 3891 (liberatus),
661 3826 801 3891 freedmaa.
