2817 4300
543 388 661 436 suom
684 389 882 435 nxrqurs.
1175 374 1235 437 211

268 560 409 618 Pluribus
423 559 524 616 oranti
536 560 680 617 Aeneas:
706 565 727 592 “
739 559 831 615 Hand
846 558 922 616 talis
936 561 1050 617 nudum

269 658 351 715 dieta
365 658 474 715 dabas.
517 657 639 713 Morere
653 663 686 713 et
699 657 827 713 fratrem
842 673 880 712 ne
891 657 997 713 desere
1012 658 1140 714 frater.'’

269 755 348 811 lum
361 756 495 812 latebras
510 755 629 811 animae
643 760 752 828 pectus
767 771 909 810 mucrone
925 753 1063 811 recludit.

269 851 357 909 Talia
369 870 425 926 per
439 869 563 925 campos
578 852 691 908 edebat
704 852 815 908 funera
829 851 938 908 ductor

268 949 454 1019 Dardanius,
471 949 615 1006 torrentis
631 967 727 1022 aquae
743 948 792 1006 vel
806 948 936 1006 turbinis
952 950 1009 1006 atri
1043 971 1046 977 ·

269 1064 351 1104 more
365 1048 483 1104 furens.
527 1047 666 1103 Tandem
680 1051 843 1120 erumpunt
857 1053 888 1103 et
902 1052 1003 1103 castra
1017 1047 1191 1120 relinquunt

267 1144 422 1202 Ascanius
435 1162 511 1218 puer
525 1149 557 1202 et
569 1144 754 1217 nequiquam
768 1143 895 1200 obsessa
909 1143 1061 1200 iuventus.

436 1374 503 1429 106.
548 1373 740 1429 Manceunus
762 1389 801 1428 Ar
824 1372 993 1430 Srnncusn.

228 1503 448 1564 Marcellus.ut
469 1503 589 1560 moenia
606 1503 763 1578 ingressus
779 1521 818 1559 ex
834 1504 1040 1576 superioribus
1055 1505 1160 1562 urbem
1174 1523 1236 1563 om-

188 1601 271 1657 nium
291 1602 384 1658 ferme
407 1602 459 1658 illa
481 1606 664 1674 tempestate
688 1600 922 1673 pulcherrimam
947 1601 1117 1673 subjectam
1142 1602 1237 1658 oculis

188 1698 276 1767 vidit,
296 1697 494 1756 illacrimasse
518 1698 630 1756 dicitur
650 1697 762 1773 partim
782 1698 896 1773 gaudio
917 1702 1022 1754 tantae
1044 1704 1237 1771 perpetratae

187 1795 242 1864 rei,
258 1796 370 1869 partim
391 1801 513 1853 vetusta
533 1795 631 1871 gloria
652 1795 747 1851 urbis.
791 1795 1027 1851 Atheniensium
1049 1795 1165 1852 classes
1186 1797 1238 1852 de-

187 1911 305 1950 mersae
334 1899 365 1951 et
392 1893 454 1950 duo
478 1893 618 1969 ingentes
644 1891 797 1949 exercitus
821 1909 890 1949 cum
912 1892 1031 1948 duobus
1061 1892 1238 1950 clarissimis

188 1991 315 2047 ducibus
331 1990 423 2048 deleti
437 1991 639 2048 occurrebant
653 1993 684 2046 et
698 1994 746 2046 tot
758 1989 919 2062 bellacum
934 1987 1238 2064 Carthaginiensibus

188 2093 275 2144 tanto
298 2106 366 2144 cum
387 2087 560 2145 discrimine
581 2092 680 2165 gesta,
698 2091 745 2144 tot
766 2092 830 2144 tam
848 2086 984 2161 opulenti
1000 2087 1122 2162 tyranni
1137 2105 1238 2164 roges-

187 2204 256 2259 que.
301 2186 348 2243 Ea
361 2204 454 2259 quum
467 2187 610 2243 universa
624 2191 818 2243 occurrerent
835 2185 948 2254 anime,
965 2185 1140 2258 subiretque
1156 2186 1238 2261 cogi-

188 2284 276 2352 tati0,
301 2285 366 2356 jam
380 2283 432 2339 illa
454 2289 608 2341 momento
633 2284 724 2340 horae
747 2300 854 2339 arsura
876 2281 978 2339 omnia
1003 2288 1034 2339 et
1058 2283 1097 2339 ad
1121 2283 1238 2339 cineres

187 2382 333 2449 reditura,
350 2381 525 2454 priusquam
540 2380 629 2456 signa
643 2380 851 2436 Achradinam
866 2380 1052 2448 admoveret,
1069 2380 1239 2453 praemittit

188 2478 410 2553 Syracusanos
426 2478 478 2550 qui
492 2477 572 2534 iutra
586 2470 741 2550 piaesidia
755 2477 904 2546 Romana,
915 2482 950 2533 ut
964 2478 1162 2533 antedictum
1177 2483 1235 2547 est,

187 2576 321 2644 fuerant,
348 2579 383 2632 ut
408 2575 540 2647 alloquio
564 2573 624 2631 leni
650 2573 840 2647 impellerent
865 2574 968 2633 hostes
998 2574 1037 2631 ad
1065 2574 1238 2631 dedendam

185 2674 302 2729 urbem.

221 2880 226 2887 ’
322 2869 389 2923 107.
421 2867 492 2922 Tun
513 2867 679 2923 Taounnns
702 2882 741 2921 or
763 2866 889 2921 Mutuus
911 2882 975 2921 nun
998 2865 1113 2923 Suum.

227 2997 310 3054 Dum
319 2997 433 3053 bellum
446 2997 475 3053 in
487 2997 633 3053 Numidia
647 3002 755 3053 contra
769 2995 790 3053 J
793 2996 956 3069 ugurtham
968 2995 1094 3071 geritur,
1106 2996 1237 3054 Romani

187 3094 328 3151 consules
349 3095 395 3151 M.
412 3093 549 3151 Manlius
571 3099 603 3151 et
624 3092 661 3165 Q.
678 3092 794 3166 Caepio
809 3110 828 3148 a
843 3091 974 3149 Cimbris
996 3097 1027 3149 et
1045 3094 1237 3151 Teutonibus
1307 3087 1309 3090 ’

187 3198 218 3249 et
232 3192 387 3268 Tigurinis
402 3198 433 3250 et
446 3191 667 3261 Ambronibus,
684 3208 762 3264 quae
778 3196 866 3246 erant
879 3188 1102 3247 Germanorum
1117 3195 1148 3247 et
1163 3189 1237 3248 Gal·

185 3290 282 3346 lorum
304 3298 424 3367 gentes,
440 3290 514 3348 victi
536 3294 609 3346 sunt
625 3291 717 3362 juxta
738 3288 847 3344 fiumen
863 3286 1057 3356 Rhodanum,
1074 3292 1106 3344 et
1120 3287 1236 3362 ingenti

186 3388 393 3445 internecione
409 3387 518 3458 attriti,
534 3388 626 3444 etiam
642 3390 744 3442 castra
759 3390 860 3442 suaet
879 3402 1022 3461 magnam
1044 3390 1162 3457 partem
1183 3404 1237 3442 ex-

186 3486 299 3543 ercitus
321 3486 528 3560 perdiderunt.
572 3483 676 3541 Timor
694 3484 810 3540 Romae
831 3483 957 3558 grandis
979 3483 1050 3551 fuit,
1067 3500 1105 3539 ne
1127 3481 1236 3539 iterum

186 3582 269 3641 Galli
283 3584 412 3641 Romam
425 3583 576 3640 venirent.
621 3582 705 3657 Ergo
719 3581 837 3638 Marius
851 3584 923 3656 post
944 3579 1102 3637 victoriam
1123 3578 1145 3637 J
1147 3597 1236 3656 ugur-

186 3681 303 3738 thinam
316 3682 452 3739 secundo
466 3680 571 3737 consul
586 3684 634 3736 est
653 3681 767 3746 facum,
784 3678 955 3751 bellumque
978 3677 1006 3733 ei
1027 3682 1134 3734 contra
1156 3676 1237 3734 Cim-

185 3778 257 3835 bros
279 3782 311 3835 et
331 3778 487 3835 Teutonas
510 3777 663 3833 decretum
685 3781 743 3832 est.
785 3774 890 3831 Tertio
904 3791 1023 3847 quoque
1039 3774 1066 3831 ei
1081 3778 1113 3831 et
1126 3780 1237 3848 quarto
