2817 4300
156 353 219 416 142
345 369 559 416 SELEOTIONS
581 370 682 416 FROM
704 369 815 415 LATIN
838 369 1016 416 AUTHORS.

195 541 417 598 Themistocles
432 557 524 612 quum
539 540 760 609 consuleretur,
774 547 874 597 utrum
888 540 971 597 bono
985 540 1052 598 viro
1066 540 1205 615 pauperi,

156 656 196 694 an
211 639 310 693 minus
325 639 454 710 probato
470 637 556 694 diviti
571 637 663 693 filiam
675 637 849 705 collocaret,
865 644 885 670 “
898 638 966 712 Ego
977 637 1082 706 ver0,’'
1095 637 1205 710 inquit,

157 735 268 791 “malo
280 735 388 804 virum,
405 735 457 808 qui
472 735 600 809 pecunia
611 740 712 810 egeat,
729 753 820 808 quam
835 735 1006 809 pecuniam,
1017 753 1094 808 quae
1109 734 1206 792 viro.''

196 833 418 890 Themistocles
435 833 647 908 interroganti,
664 840 766 888 utrum
787 832 922 890 Achilles
945 851 1012 890 esse
1035 832 1148 901 mallet,
1166 851 1207 888 an

156 931 321 1000 Homerus,
344 931 520 1004 respondit:
548 931 626 986 “Tu
651 948 723 987 vero
752 930 898 987 malleone
927 936 957 987 te
986 930 1015 986 in
1045 928 1206 1006 Olympico

156 1028 320 1085 certamine
342 1028 489 1085 rictorem
510 1027 689 1096 renuntiari,
707 1045 746 1084 an
761 1045 871 1100 praeco
894 1045 972 1096 esse,
989 1027 1041 1100 qui
1056 1027 1206 1084 victorum

157 1125 280 1181 nomina
295 1124 495 1198 proclamat.”

539 1240 588 1294 20.
618 1239 828 1295 Aaranrsrun.

198 1354 276 1409 Mox
305 1351 427 1422 Graeci,
451 1370 578 1425 quornm
607 1351 715 1409 elassis
745 1353 783 1409 ad
806 1352 1004 1408 Artemisium
1033 1356 1109 1421 erat,
1133 1352 1207 1408 dato

76 1433 85 1446 ⁵
159 1449 248 1526 signo
263 1449 294 1505 in
308 1450 456 1505 barbaros
471 1450 617 1523 impetum
632 1450 744 1506 fecere.
789 1449 850 1505 Diu
866 1449 1005 1521 utrinque
1021 1449 1133 1505 eximia
1147 1449 1207 1506 vir·

159 1550 224 1603 tute
246 1552 414 1622 pugnatum
435 1552 491 1603 est.
533 1546 672 1602 Tandem
697 1546 823 1620 ancipiti
844 1546 946 1602 Marte
968 1552 1141 1621 pugnantes
1163 1547 1206 1602 in·

159 1661 272 1720 gruens
290 1661 352 1699 nox
374 1643 512 1700 diremit:
536 1642 647 1700 Graeci
667 1644 790 1717 quidem
812 1644 852 1700 ad
872 1644 1071 1700 Artemisium
1093 1643 1208 1700 reversi

159 1746 249 1798 sunt:
272 1741 396 1796 barbari
410 1758 483 1797 vero
497 1741 647 1814 Aphetas.
692 1741 770 1797 Mox
792 1748 897 1798 coorta
918 1745 1102 1814 tempestate
1124 1758 1207 1816 mag-

159 1857 231 1895 num
247 1855 402 1894 numerum
419 1837 540 1894 navium
555 1838 675 1894 barbari
698 1839 875 1895 amiserunt.
919 1839 975 1906 At,
991 1838 1102 1911 quibus
1123 1856 1208 1894 man·

160 1937 265 1992 datum
287 1940 353 1991 erat
370 1939 404 1991 ut
420 1935 533 1991 circum
556 1935 712 1992 Euboeam
737 1937 929 2012 navigarent,
947 1936 994 1992 his
1018 1937 1124 1992 eadem
1146 1953 1208 1991 nox

160 2033 221 2092 fuit
242 2032 337 2089 multo
365 2032 505 2088 atrocior.
549 2033 591 2089 Et
612 2033 709 2090 tristis
731 2033 790 2090 illis
812 2034 880 2090 finis
904 2033 981 2100 fuit3
1013 2039 1105 2090 vento
1127 2032 1208 2089 enim

160 2131 305 2204 abreptae
335 2147 428 2187 naves
456 2129 487 2186 in
516 2148 592 2187 saxa
620 2131 718 2189 illisae
740 2136 821 2188 sunt.
865 2131 954 2188 Adeo
982 2131 1084 2188 omnia
1109 2122 1208 2188 effecit

160 2228 256 2297 Deus,
270 2232 304 2284 ut
317 2229 478 2283 Persarum
493 2229 599 2301 copiae
615 2229 757 2300 aequales
772 2230 880 2285 fierent
895 2228 991 2301 copiis
1007 2226 1205 2286 Graecorum.

476 2390 524 2444 21.
555 2389 675 2445 Hunau
698 2388 892 2446 Sacarmcns.

172 2565 177 2569 ,
201 2503 296 2560 Natio
318 2507 366 2558 est
386 2503 485 2558 omnis
507 2501 668 2559 Gallorum
689 2502 852 2559 admodum
875 2504 978 2559 dedita
999 2503 1207 2577 religionibus,

162 2604 252 2673 atque
274 2599 313 2655 ob
335 2616 403 2655 eam
424 2616 547 2656 oausam
568 2600 620 2673 qui
642 2605 715 2656 sunt
736 2599 852 2657 adfecti
876 2600 1067 2675 gravioribus
1095 2599 1209 2655 morbis

161 2697 272 2771 quique
297 2696 328 2751 in
354 2696 477 2768 proeliis
503 2697 705 2769 periculisque
727 2702 899 2767 versantur,
924 2701 977 2754 aut
1001 2714 1056 2771 pro
1078 2696 1210 2753 victimis

161 2794 298 2851 homines
313 2791 471 2849 immolant
485 2801 539 2850 aut
553 2811 585 2850 se
601 2794 809 2850 immolaturos
824 2800 948 2863 vovent,
962 2794 1209 2867 administrisque

161 2892 201 2948 ad
222 2908 259 2947 ea
280 2889 428 2947 sacrificia
448 2890 616 2947 Druidibus
637 2896 774 2961 utuntur,
798 2892 888 2964 quod,
911 2909 965 2965 pro
986 2892 1050 2948 vita
1078 2891 1210 2947 hominis

161 2989 220 3045 nisi
241 2987 372 3045 hominis
396 2989 459 3046 vita
480 2988 636 3057 reddatur,
653 3007 715 3044 non
737 3006 827 3061 posse
849 2989 974 3045 deornm
995 2988 1211 3060 immortalium

161 3104 273 3143 numen
294 3088 408 3161 placari
429 3086 628 3155 arbitrantur,
652 3085 832 3159 publiceque
854 3086 992 3158 ejusdem
1013 3086 1134 3161 generis
1157 3086 1210 3142 ba-

161 3184 236 3240 bent
250 3184 390 3242 instituta
405 3183 563 3241 sacrificia.
606 3182 669 3238 Alii
685 3182 809 3239 immani
824 3183 1033 3257 magnitudine
1049 3183 1211 3240 simulacra

162 3281 286 3351 habent,
303 3300 430 3356 quornm
445 3286 591 3339 contexta
605 3279 769 3338 viminibus
787 3279 922 3336 membra
937 3280 1016 3337 vivis
1037 3281 1210 3336 hominibus

161 3378 334 3452 complent3
356 3380 465 3453 quibus
488 3377 654 3447 succensis,
672 3377 869 3434 circumventi
891 3378 1012 3433 flamma
1033 3378 1211 3435 exaniman-

161 3481 211 3533 tur
224 3477 371 3534 homiues,
415 3474 570 3549 Supplicia
591 3492 694 3531 eorum
712 3474 763 3547 qni
779 3474 810 3530 in
825 3476 908 3531 furto
923 3480 976 3532 aut
997 3475 1028 3531 in
1050 3475 1211 3532 latrocinio

162 3579 215 3631 aut
230 3558 331 3647 aliqua
345 3592 428 3631 noxa
442 3574 505 3630 sint
522 3572 732 3646 comprehensi
754 3572 887 3647 gratiora
909 3572 967 3628 diis
990 3572 1210 3629 immortalibus

162 3689 230 3729 esse
246 3672 448 3739 arbitrantur3
472 3672 537 3737 sed,
555 3688 622 3727 cum
644 3671 711 3742 ejus
727 3668 846 3743 generis
869 3668 957 3742 copia
978 3669 1100 3740 defecit,
1119 3670 1210 3726 etiam

163 3768 203 3824 ad
217 3768 423 3824 innocentium
438 3767 588 3840 supplicia
603 3766 803 3843 descendunt.
