2817 4300
519 384 570 429 nn
593 383 709 450 annuo
732 383 857 430 civim.
1169 367 1210 430 11

160 553 287 613 tametsi
309 558 375 611 erat
395 553 616 629 Dyrrhachinis
637 553 761 628 proeliis
775 555 972 611 vehementer
986 559 1157 625 attenuata,

161 656 194 709 et
214 651 284 708 huic
299 651 344 708 sic
358 650 501 724 adjunxit
521 655 674 720 octavam,
692 656 726 707 ut
746 669 843 725 paene
864 667 957 707 unum
979 669 1018 708 ex
1040 651 1160 708 duabus

161 749 306 818 efficeret,
334 752 424 821 atquc
452 743 605 804 14alteram
628 746 716 805 alteri
738 747 892 822 praesidio
917 765 985 806 esse
1013 749 1157 821 jusserat.

162 843 312 903 Cohortes
334 844 364 901 in
380 843 444 902 acic
465 861 554 900 cxxx
576 844 761 902 constitutas
782 844 926 914 habebat,
943 861 1021 918 quac
1042 847 1161 901 summa

162 947 229 1000 crat
250 941 363 998 milium
378 959 468 1010 xx11;
491 943 632 998 cohortes
646 942 724 998 duas
742 943 851 999 castris
866 941 1018 1016 praesidio
1032 942 1160 1015 relique·
1195 949 1213 999 5

162 1044 221 1096 rat.
267 1038 398 1096 Sinistro
420 1056 513 1096 cornu
533 1038 715 1108 Antonium,
731 1039 842 1096 dextro
862 1039 898 1096 P.
916 1037 1044 1109 Sullam,
1060 1040 1161 1097 media

164 1135 229 1193 acie
244 1133 300 1194 Cn.
318 1135 485 1192 Domitium
501 1140 730 1210 praeposuerat.
775 1136 846 1210 Ipse
862 1141 969 1194 contra
982 1137 1159 1211 Pompeium

164 1231 313 1290 constitit.
359 1231 454 1290 Simul
475 1232 523 1288 his
538 1233 629 1290 rebus
645 1232 865 1290 animadversis
880 1250 956 1307 quas
971 1235 1161 1292 demonstra·

164 1330 275 1400 vimus,
292 1330 402 1386 timens
423 1347 461 1387 ne
483 1348 502 1386 a
530 1329 724 1387 multitudine
747 1331 881 1403 equitum
902 1332 1044 1388 dextrum
1066 1349 1160 1389 cornu

164 1426 444 1496 circumveniretur,
461 1426 600 1484 celeriter
614 1444 654 1484 ex
675 1427 767 1484 tertia
788 1428 853 1484 acie
869 1428 1005 1504 singulas
1019 1429 1160 1486 cohortes
1177 1435 1215 1486 10

164 1524 300 1581 detraxit
314 1529 404 1597 atque
420 1542 459 1580 ex
480 1524 527 1580 his
543 1528 682 1598 quartam
696 1525 831 1582 instituit
844 1525 1051 1598 equitatuique
1066 1543 1160 1600 oppo-

165 1623 227 1679 suit
248 1626 279 1679 et
299 1621 371 1694 quid
394 1621 458 1678 fieri
479 1621 571 1680 vellet
587 1622 735 1691 ostendit,
751 1623 927 1695 monuitque
942 1623 1010 1695 ejus
1024 1623 1085 1680 diei
1100 1623 1162 1682 vic-

165 1719 273 1776 toriam
285 1718 316 1775 in
328 1735 430 1775 earum
442 1718 611 1776 cohortium
620 1719 733 1776 virtute
744 1714 921 1776 ¹⁵constare.
946 1718 1043 1778 Simul
1054 1720 1162 1778 tertiae

165 1816 241 1873 aciei
262 1815 378 1889 totique
400 1814 549 1873 exercitui
570 1815 732 1890 imperavit
753 1833 790 1874 ne
815 1815 933 1890 injussu
955 1833 1012 1874 sno
1036 1834 1162 1875 concur-

165 1917 263 1970 reret:
288 1931 333 1982 se,
350 1930 418 1970 cum
433 1912 464 1969 id
479 1913 543 1969 fieri
558 1912 660 1982 vellet,
676 1908 952 1989 1⁰vexillosignum
967 1914 1120 1970 daturum.
1180 1920 1216 1971 15

205 2008 275 2067 XO.
305 2010 484 2067 Exercitum
507 2028 574 2067 cum
595 2010 719 2068 militari
740 2028 824 2068 more
846 2011 885 2068 ad
907 2028 1042 2086 pugnam
1056 2011 1162 2068 cohor-

166 2112 282 2166 taretur
304 2125 419 2182 suaque
435 2107 465 2163 in
481 2124 549 2165 eum
564 2107 704 2183 perpetui
725 2108 871 2183 temporis
886 2108 986 2166 officia
1006 2109 1163 2184 praedica·

165 2210 224 2276 ret,
251 2205 399 2279 imprimis
424 2206 690 2264 commemoravit:
727 2206 858 2263 testibus
887 2224 921 2263 sc
945 2206 1094 2263 militibus
1118 2207 1163 2264 nti

166 2320 269 2378 posse,
285 2308 401 2376 quanto
423 2302 526 2361 studio
547 2320 653 2377 pacem
669 2304 816 2377 petisset;
840 2319 918 2376 quae
938 2322 992 2379 per
1006 2303 1164 2361 Vatinium

165 2400 197 2457 in
226 2399 397 2473 colloquiis,
422 2416 499 2473 quae
529 2416 582 2473 per
610 2399 725 2457 Aulum
753 2399 893 2458 Clodium
923 2418 991 2458 cum
1020 2400 1164 2476 Scipione
1178 2407 1218 2459 20

165 2498 291 2573 egisset,
309 2497 419 2570 quibus
434 2497 532 2554 modis
547 2496 587 2554 ad
601 2495 725 2555 Oricum
736 2515 805 2555 cum
821 2497 938 2556 Libone
952 2493 991 2555 de
1006 2498 1164 2556 mittendis

165 2594 275 2670 legatis
301 2594 521 2651 contendisset.
565 2593 673 2667 Neque
698 2612 732 2652 se
757 2612 897 2668 umquam
925 2596 1010 2652 abuti
1035 2595 1163 2652 militum

165 2692 428 2768 sanguineusque
450 2690 667 2765 rempublicam
688 2687 862 2749 ¹⁷alterutro
883 2692 1020 2750 exercitu
1042 2693 1163 2769 privare

164 2789 310 2847 voluisse.
354 2788 424 2846 Hac
446 2788 551 2845 habita
565 2788 702 2846 oratione
717 2790 956 2863 exposcentibus
970 2790 1118 2847 militibus
1133 2794 1166 2847 et

165 2886 267 2943 studio
281 2903 403 2962 pugnae
418 2885 595 2943 ardentibus
609 2884 684 2942 tuba
699 2886 820 2962 signum
833 2886 930 2943 dedit.
1179 2893 1217 2945 25

204 2981 291 3041 XCI.
322 2983 399 3040 Erat
423 2981 584 3040 Crastinus
612 2987 758 3040 evocatus
783 2983 814 3040 in
843 2984 979 3041 exercitu
1007 2982 1162 3054 Caesaris,

165 3080 217 3154 qui
238 3080 393 3154 superiore
415 3096 496 3137 anno
511 3079 593 3153 apud
607 3095 675 3136 eum
697 3080 826 3153 primum
848 3080 941 3155 pilum
961 3081 993 3138 in
1007 3081 1128 3157 legione
1141 3099 1165 3138 x

165 3177 308 3247 duxerat,
324 3176 371 3235 vir
389 3174 535 3252 singulari
557 3175 679 3234 virtute.
724 3176 785 3233 Hic
807 3176 896 3253 signo
916 3178 1001 3246 dato,
1026 3175 1164 3252 “Sequi-

165 3273 239 3331 mini
253 3272 335 3345 me,''
349 3274 459 3348 inquit,
475 3277 496 3307 “
505 3268 735 3347 ¹⁸manipu1ares
750 3273 810 3330 mei
824 3274 875 3347 qui
889 3274 1001 3344 fuistis,
1018 3279 1050 3331 et
1060 3279 1165 3333 vestro

208 3453 230 3487 ¹⁴
242 3454 354 3503 alteram
366 3454 452 3512 alteri,
466 3452 524 3501 each
536 3460 559 3501 to
571 3452 607 3501 tle
620 3451 700 3511 ottem-
718 3461 740 3501 to
751 3452 810 3501 eccl
822 3452 894 3504 other.

209 3534 231 3569 ¹⁵
243 3542 372 3596 constare,
385 3534 512 3600 depended
524 3552 560 3583 oa.
605 3582 607 3586 Α

209 3616 230 3651 1⁶
242 3618 370 3667 vexillum
384 3616 538 3681 (diminutive
550 3615 582 3682 of
587 3616 701 3681 velum),
706 3616 772 3683 flag,
784 3617 881 3667 banasa

208 3699 231 3733 ¹⁷
243 3700 379 3760 alterutm,
391 3698 465 3748 either
479 3698 564 3765 (ostie
575 3706 620 3747 two
632 3699 744 3765 armies).

209 3780 231 3815 ¹⁸
242 3780 429 3845 manipulares,
441 3780 494 3847 osa
506 3778 619 3845 maniple,
631 3779 689 3829 each
700 3778 796 3846 asaaliy
808 3780 937 3847 masiatinp
948 3781 980 3847 <ff
987 3781 1034 3832 100
1045 3790 1068 3831 to
1080 3782 1129 3832 120
1140 3798 1201 3833 mea.
