2817 4300
539 417 657 463 suone
680 415 879 462 nxraacrs.
1171 395 1233 463 207

186 587 294 644 sedne
315 587 354 643 de
375 585 542 658 majoribus
564 591 638 643 natu
659 587 782 659 quidem
804 587 964 659 quisquam
985 589 1231 659 anteponeretur.

125 740 131 747 ,
185 684 319 740 Multum
339 701 412 741 vero
433 684 464 740 in
485 683 567 740 bello
589 689 637 740 est
657 688 811 751 versatus,
828 700 920 756 saepe
941 682 1125 758 exercitibus
1147 699 1234 756 prae·

185 782 257 851 fuit,
281 799 431 855 nusquam
451 780 541 854 culpa
562 781 641 838 male
662 799 726 838 rem
747 781 854 856 gessit,
872 798 991 854 semper
1012 779 1139 837 consilio
1160 781 1235 836 vicit

184 884 374 952 tamtumque
396 897 433 935 eo
454 878 560 943 valuit,
577 884 611 935 ut
636 878 732 935 multa
757 878 789 934 in
813 896 845 935 re
871 878 993 934 militari
1018 877 1129 952 partim
1155 895 1235 934 nova

186 977 332 1043 attulerit,
360 982 479 1050 partem
503 974 630 1032 meliora
659 975 778 1032 fecerit.
833 975 973 1048 Namque
1002 975 1050 1031 ille
1080 975 1235 1048 pedestria

186 1092 270 1130 arma
284 1074 424 1130 mutavit.
463 1071 539 1129 Cum
555 1078 625 1129 aute
641 1071 725 1128 illum
738 1072 949 1146 imperatorem
962 1073 1103 1129 maximis
1116 1072 1232 1145 clipeis,

184 1172 329 1228 brevibus
353 1171 462 1240 hastis,
490 1170 614 1226 minutis
639 1170 749 1245 gladiis
774 1157 948 1236 uterentur,
966 1170 1014 1227 ille
1040 1189 1056 1227 e
1082 1171 1235 1227 contrario

187 1268 299 1342 peltam
314 1287 369 1342 pro
383 1286 489 1342 parma
507 1268 583 1324 fecit
608 1267 717 1344 (aquo
739 1273 847 1341 postea
868 1267 1018 1342 peltastae
1040 1269 1158 1342 pedites
1181 1287 1235 1342 ap-

185 1364 411 1440 pellabantur),
442 1370 475 1421 ut
503 1366 542 1421 ad
570 1369 670 1422 motus
699 1382 925 1438 concursusque
954 1372 1059 1423 essent
1091 1366 1232 1436 leviores,

185 1465 293 1521 hastae
321 1463 444 1520 modum
473 1463 653 1536 duplicavit,
674 1461 794 1538 gladios
822 1462 976 1538 longiores
1005 1463 1089 1520 fecit.
1148 1464 1235 1520 Idem

185 1579 283 1636 genus
297 1560 459 1617 loricarum
474 1566 505 1618 et
519 1578 574 1634 pro
590 1560 679 1617 sertis
694 1567 785 1633 atque
801 1561 885 1617 aenis
900 1561 1010 1618 linteas
1028 1560 1123 1618 dedit.
1167 1560 1235 1633 Quo

186 1659 272 1716 facto
297 1659 503 1732 expeditiores
528 1658 640 1715 milites
660 1657 811 1715 reddidit:
836 1677 904 1714 nam
927 1658 1061 1732 pondere
1083 1659 1233 1728 detracta,

186 1756 268 1830 quod
283 1774 378 1829 aeque
393 1774 503 1830 corpus
519 1762 636 1831 tegeret
650 1761 681 1813 et
695 1755 762 1813 leve
777 1761 870 1827 esset,
887 1756 1015 1813 curavit.

227 1854 346 1911 Bellum
360 1871 427 1911 cum
442 1854 611 1910 Thracibus
633 1854 741 1929 gessit,
759 1853 914 1923 Seuthem,
931 1854 1047 1910 socium
1067 1853 1236 1910 Athenien-

179 1952 276 2021 sium,
292 1952 323 2007 in
338 1969 466 2026 regnum
480 1951 623 2008 restituit.
667 1951 762 2025 Apud
777 1949 956 2008 Corinthum
971 1955 1057 2008 tanta
1072 1951 1235 2008 severitate

186 2048 335 2106 exercitui
349 2049 494 2122 praefuit,
512 2054 546 2105 ut
560 2048 661 2105 nullae
676 2066 819 2122 umquam
835 2049 865 2104 in
881 2047 1012 2106 Graecia
1029 2067 1127 2122 neque
1149 2067 1235 2106 exer-

186 2147 343 2205 citatiores
358 2146 463 2221 copiae
485 2165 582 2220 neque
604 2148 702 2224 magis
724 2147 806 2204 dicto
829 2146 988 2204 audientes
1010 2147 1125 2204 fuerint
1146 2146 1233 2205 duci:

185 2245 219 2301 in
242 2261 368 2317 eamque
393 2245 644 2301 consuetudinem
670 2245 810 2314 adduxit,
828 2250 872 2315 ut,
892 2262 961 2301 cum
985 2244 1091 2318 proelii
1116 2245 1236 2321 sIgnum

186 2343 226 2399 ab
248 2342 430 2415 imperatore
455 2347 537 2398 esset
558 2342 674 2412 datum,
691 2342 757 2399 sine
779 2343 866 2399 ducis
890 2360 983 2416 opera
1009 2341 1053 2399 sic
1077 2342 1235 2399 ordinatae

186 2439 401 2507 consisterent,
428 2442 463 2495 ut
491 2438 602 2515 singuli
628 2457 646 2495 a
670 2439 855 2512 peritissimo
883 2440 1065 2514 imperatore
1094 2439 1236 2513 dispositi

185 2538 373 2622 viderentur.
417 2536 487 2593 Hoc
511 2537 648 2594 exercitu
673 2554 788 2593 moram
813 2538 1123 2594 Lacedaemoniorum
1143 2538 1235 2594 inter-

185 2635 270 2704 fecit,
296 2634 378 2707 quod
403 2633 535 2690 maxime
560 2639 626 2691 tota
651 2634 836 2691 celebratum
862 2639 910 2691 est
935 2633 1076 2692 Graecia.
1120 2634 1236 2691 Iterum

186 2733 292 2789 eodem
308 2732 390 2789 bello
404 2749 511 2788 omnes
525 2732 629 2805 copias
645 2749 748 2788 eorum
764 2733 896 2808 fugavit,
913 2750 972 2805 quo
987 2733 1072 2790 facto
1093 2750 1236 2808 magnam

187 2830 317 2903 adeptus
332 2834 386 2897 est,
393 2829 531 2905 gloriam.
577 2827 653 2886 Cum
664 2830 858 2887 Artaxerxes
872 2830 1028 2905 Aegyptio
1043 2830 1107 2906 regi
1122 2830 1235 2887 bellum

187 2926 299 2983 inferre
320 2925 428 2995 voluit,
447 2926 623 3000 Iphicraten
649 2926 688 2982 ab
713 2927 954 2984 Atheniensibus
980 2928 1088 2984 ducem
1113 2928 1232 3001 petivit,

186 3042 276 3095 quem
297 3025 475 3096 praeficeret
495 3024 644 3081 exercitui
665 3024 868 3094 conducticia,
887 3026 974 3097 cujus
996 3042 1138 3081 numerus
1160 3025 1234 3081 duo-

187 3121 285 3177 decim
299 3121 414 3179 milium
431 3122 499 3178 fuit.
544 3121 640 3194 Quem
661 3122 785 3196 quidem
806 3122 850 3179 sic
871 3123 954 3179 omni
975 3122 1137 3195 disciplina
1158 3123 1235 3178 mili-

186 3220 244 3273 tari
260 3220 402 3289 erudivit,
419 3224 463 3288 ut,
481 3237 569 3292 quem
592 3220 631 3277 ad
653 3221 776 3277 modum
797 3221 951 3294 quondam
972 3220 1101 3276 Fabiani
1123 3220 1234 3276 milites

186 3316 317 3374 Romani
339 3318 485 3392 appellati
507 3322 589 3386 sunt,
613 3318 657 3375 sic
681 3318 909 3392 Iphicratenses
935 3319 1015 3392 apud
1040 3316 1176 3375 Graecos
1202 3318 1233 3373 in

186 3432 304 3472 summa
317 3416 406 3473 laude
422 3416 544 3473 fuerint.
589 3416 676 3472 Idem
691 3417 828 3473 subsidio
843 3416 1092 3473 Lacedaemoniis
1115 3417 1235 3489 profec-

186 3518 236 3569 tus
250 3513 482 3587 Epaminondae
497 3513 665 3571 retardavit
678 3514 822 3587 impetus.
867 3514 947 3571 Nam
963 3514 1020 3571 nisi
1036 3516 1101 3588 ejus
1121 3514 1234 3571 adven-

186 3614 235 3665 tus
251 3611 535 3684 appropinquasset,
548 3629 608 3667 non
625 3611 708 3684 prius
722 3611 862 3667 Thebani
874 3610 985 3685 Sparta
997 3610 1232 3681 abscessissent,

186 3723 277 3778 quam
291 3713 412 3781 captam
428 3708 568 3765 incendio
583 3706 747 3766 delessent.
