2817 4300
163 401 205 466 22
467 413 600 462 novun
622 413 907 491 nnsraamnrnn.

163 606 255 646 unam
270 605 309 644 ex
324 586 395 656 iilis,
408 603 470 642 non
485 585 630 660 relinquit
644 585 712 642 illas
727 587 895 662 nonaginta
906 605 1015 644 novem
1031 587 1062 643 in
1077 588 1210 657 desert0,

163 693 194 745 et
209 685 274 743 abit
289 685 328 740 ad
343 701 409 740 eam
425 701 503 756 quae
518 683 619 756 periit,
637 679 821 756 ¹usqucdum
836 702 902 740 eam
922 683 1092 740 invenerit?

205 794 221 842 5
244 784 365 840 Etcum
382 786 489 838 nactus
505 780 634 855 imponit
648 780 679 836 in
694 780 836 837 humeros
851 798 924 837 suos
939 783 1096 857 gaudens:

205 891 222 938 6
243 879 438 952 Veniensque
453 878 576 934 domum
591 883 742 935 convocat
757 878 872 935 amicos
893 884 925 935 et
944 875 1090 948 ²vicinos,
1107 878 1213 935 dicens

164 981 218 1049 011,
235 975 456 1036 ³Gratu1amini
477 974 568 1044 mihi;
592 992 661 1032 nam
683 975 787 1032 inveni
808 993 898 1032 ovem
918 993 1016 1032 meam
1038 993 1116 1048 quae
1134 976 1213 1049 peri·

164 1081 239 1134 crat.

204 1184 221 1234 7
245 1174 323 1231 Dico
338 1172 437 1242 101110,
454 1172 498 1228 ita
517 1173 583 1229 fore
605 1172 750 1248 gandium
771 1172 802 1228 in
824 1171 909 1230 coelo
924 1190 1017 1246 super
1030 1189 1091 1229 uno
1106 1189 1213 1246 pecca·

163 1283 228 1332 tore
243 1269 470 1345 *resipiscente
484 1271 582 1344 acopis
597 1268 687 1343 quam
703 1287 795 1344 super
805 1271 973 1346 nonaginta
984 1287 1093 1327 novem
1108 1269 1211 1342 justis,

164 1371 274 1445 quibus
291 1387 352 1426 non
367 1385 445 1441 opus
460 1371 508 1424 est
523 1367 745 1441 resipiscentia.

114 1529 124 1546 Ι
205 1476 222 1525 8
245 1468 310 1523 Aut
331 1483 408 1538 quae
430 1463 548 1529 mulier,
565 1463 591 1520 si
614 1464 726 1521 habeat
746 1464 907 1521 drachmas
928 1465 1044 1532 decem,
1061 1468 1093 1520 et
1114 1463 1213 1537 perdi-

164 1566 244 1624 derit
268 1563 432 1620 drachman
460 1579 563 1630 unam,
589 1578 650 1618 non
678 1561 820 1618 accendit
841 1559 1023 1630 ⁶lucernam,
1050 1565 1082 1618 et
1104 1556 1214 1618 ⁶ver1'it

164 1660 298 1723 domum,
315 1653 492 1727 quaeritque
507 1652 659 1721 accurate,
677 1669 836 1725 usquequo
851 1669 918 1708 eum
933 1650 1103 1710 invenerit?

205 1762 222 1810 9
245 1753 287 1810 Et
300 1768 366 1808 eum
382 1754 473 1807 nacta
484 1754 634 1808 convocat
648 1749 764 1806 amicas
779 1768 815 1807 ac
830 1749 957 1818 vicinas,
971 1750 1087 1820 dicens,
1100 1748 1214 1806 Gratu-

164 1850 269 1909 lamini
284 1848 375 1916 mihi;
398 1865 468 1903 nam
483 1846 586 1902 inveni
602 1847 769 1903 drachman
784 1865 876 1920 quam
892 1847 1094 1919 perdideram.

206 1955 244 2005 10
265 1947 316 2004 Ita
340 1945 409 2002 dico
430 1944 529 2012 vobis,
552 1943 697 2019 gaudium
720 1948 768 2000 est
794 1943 825 2000 in
845 1950 1012 2020 conspectu
1037 1943 1215 2020 angelorum

164 2047 224 2104 Dei
239 2061 330 2118 super
343 2058 405 2098 uno
422 2046 583 2115 peccatore
601 2040 809 2114 resipiscente.

207 2152 242 2201 11
265 2141 321 2199 Ait
335 2144 448 2209 antem,
464 2137 595 2212 Quidam
610 2138 743 2196 habebat
756 2139 834 2196 duos
848 2138 926 2196 filios
938 2157 945 2208 ;

207 2248 244 2298 12
267 2239 402 2312 Quorum
417 2237 518 2311 junior·
532 2236 613 2293 dixit
626 2236 718 2311 patri,
735 2238 839 2305 Pater,
855 2237 895 2294 da
909 2237 982 2294 mihi
1004 2243 1121 2312 partem
1143 2237 1215 2293 sub·

88 2318 91 2327 1
166 2337 299 2397 stantiae
315 2336 356 2392 ad
366 2352 412 2391 rue
427 2331 635 2391 ⁷attinentem.
680 2334 739 2390 Ille
754 2334 847 2410 igitur
857 2334 963 2392 divisit
976 2334 1021 2391 cis
1035 2335 1211 2392 facultates.

207 2444 244 2492 13
266 2436 343 2491 Post
357 2433 422 2489 dies
438 2436 539 2488 autem
555 2449 617 2488 non
631 2431 756 2501 multos,
773 2432 929 2506 congestis
944 2433 1096 2491 omnibus.
1113 2432 1215 2505 junior

164 2535 214 2592 ille
236 2532 315 2589 filius
329 2527 340 2561 ⁸
346 2529 471 2604 peregre
487 2530 645 2603 profectus
660 2528 754 2586 estin
770 2528 925 2605 regionem
944 2529 1160 2605 longinquam:
1183 2535 1215 2587 et

165 2632 226 2690 illic
240 2627 404 2703 dissipavit
418 2626 622 2683 substantiam
638 2644 735 2693 suam,
755 2627 880 2700 profuse
895 2627 1038 2684 vivendo.

207 2735 244 2784 14
267 2726 366 2800 Quum
381 2730 482 2779 autem
497 2722 599 2779 omnia
621 2723 686 2797 ipse
705 2724 956 2797 consumpsisset,
973 2731 1042 2782 orta
1056 2730 1105 2782 est
1118 2726 1214 2781 fames

165 2826 267 2885 valida
282 2823 313 2880 in
327 2822 451 2897 regione
467 2820 536 2889 i11a;
560 2820 672 2894 etipse
688 2822 790 2895 coepit
803 2822 882 2878 uictu
897 2822 1002 2879 defici:

207 2931 243 2979 15
266 2920 355 2977 Abiit
375 2918 467 2993 igitur
488 2923 519 2975 et
541 2918 680 2975 adhaesit
702 2918 753 2974 uni
775 2937 815 2975 ex
833 2920 950 2976 civibus
965 2919 1099 2995 regionis
1114 2919 1213 2987 illius;

165 3021 216 3093 qui
232 3018 314 3075 misit
328 3034 395 3073 eum
412 3016 443 3071 in
459 3033 549 3091 agros
565 3032 649 3085 suos,
667 3021 700 3072 ut
720 3022 860 3088 pasceret
873 3013 1010 3089 ‘’porcos

307 3158 315 3188 ¹
332 3158 480 3221 usquedum
492 3180 515 3199 =
529 3165 644 3219 usque³s
656 3158 727 3206 dum.
762 3155 784 3205 S
784 3174 825 3221 1111.
838 3157 928 3207 donec.

306 3241 318 3274 ²
335 3242 448 3289 vicinos:
467 3241 576 3299 vicinus,
588 3256 620 3299 -a‚
633 3255 688 3288 -um
703 3240 809 3303 (vicus).

307 3323 319 3356 ⁸
336 3324 513 3386 gratulamini,
526 3320 695 3387 coaprutulute.

305 3406 317 3438 ⁴
334 3408 512 3469 resipiscente,
524 3406 615 3469 comz'ny
627 3413 650 3452 to
662 3404 726 3452 one's
737 3403 877 3469 aelfapar'a.

307 3488 318 3523 ⁵
335 3490 470 3539 lucernam
485 3489 550 3551 (lux,
562 3488 649 3552 luceo)
663 3504 668 3535 :
689 3504 742 3551 spa.
755 3486 884 3546 lanterna,
896 3488 1006 3549 lampas.

306 3572 317 3606 ⁶
334 3573 429 3621 verrit:
447 3588 499 3635 spu.
514 3577 615 3632 tergere
631 3571 680 3635 (see
693 3576 755 3618 note
767 3569 806 3629 23,
819 3586 876 3632 cap.
889 3571 956 3634 vii).

306 3653 316 3687 ⁷
334 3656 518 3704 attintcntam:
537 3653 570 3701 ad
580 3660 603 3709 †
615 3660 699 3701 teneo.

307 3736 317 3768 ⁸
335 3751 480 3798 peregre:
493 3750 540 3796 per
551 3742 572 3791 †
585 3750 660 3796 ager:
679 3750 727 3797 per
738 3750 823 3797 agros.

307 3816 319 3851 ⁰
335 3833 442 3881 porcos:
461 3834 513 3882 spa.
526 3832 578 3866 sus.
