2817 4300
91 430 95 438 .
180 373 222 437 48
365 390 583 437 suuucrious
606 391 708 437 FROM
730 391 842 437 LATIN
864 390 1045 437 AUTHORS.

233 560 271 616 de
292 559 506 635 Appianorum
528 561 740 618 aedificatione
761 561 917 634 impedita,
940 558 1003 635 legi
1023 556 1228 633 ¹perlnvitus;

234 656 336 730 itaque
365 657 554 714 couscientia
582 675 666 714 meae
695 658 867 734 constantis
895 674 968 732 erga
1002 662 1033 713 te
1061 657 1229 714 voluntatis

234 753 376 827 rescripsi
405 754 460 810 tibi
484 749 665 811 ²subiratus.
720 755 764 810 lis
789 772 863 811 vero
890 753 1001 810 litteris
1026 753 1125 824 lectio,
1151 773 1228 828 quas

233 851 397 908 Philotimo
412 850 521 908 liberto
535 870 603 909 meo
618 853 741 921 dedisti,
755 851 886 928 cognovi
900 851 1099 925 intellexique
1113 852 1146 908 in
1159 870 1229 925 pro·

201 956 217 1004 5
233 948 334 1006 vincia
349 948 460 1006 multos
475 949 585 1017 fuisse,
602 950 654 1023 qui
668 967 736 1019 nos,
752 967 814 1023 quo
829 949 930 1006 animo
945 949 1096 1005 internos
1112 967 1227 1019 sumus,

234 1064 302 1103 esse
324 1047 446 1115 nolent;
478 1047 517 1103 ad
540 1047 644 1104 urbem
664 1065 739 1104 vero
758 1056 792 1103 ut
813 1046 979 1104 accesseris
999 1046 1050 1105 vel
1071 1048 1173 1122 potius
1194 1056 1230 1103 ut

234 1144 364 1217 primum
383 1149 452 1200 tuos
468 1144 591 1214 videris,
609 1162 758 1220 cognosse
777 1149 808 1201 te
824 1162 863 1200 ex
883 1144 932 1213 iis,
948 1162 1009 1218 qua
1026 1146 1057 1201 iu
1074 1150 1106 1202 te·
1121 1145 1229 1201 absen-

234 1246 295 1298 tem
318 1241 389 1310 fide,
406 1259 465 1314 qua
488 1242 519 1297 in
541 1242 683 1298 omuibus
705 1242 812 1299 officiis
835 1242 958 1298 tuendis
979 1259 1053 1317 erga
1073 1247 1104 1299 te
1126 1242 1229 1298 obser-

233 1339 338 1396 vantia
363 1344 394 1402 et
418 1340 592 1395 constantia
617 1322 754 1396 inissem.
806 1339 915 1413 Itaque
943 1339 1050 1412 quanti
1078 1338 1153 1395 illud
1180 1356 1229 1395 me

181 1442 218 1493 10
234 1437 394 1493 aestimare
412 1441 514 1510 putee,
530 1437 612 1509 quod
628 1440 675 1493 est
692 1437 723 1492 in
738 1436 799 1493 tuis
814 1436 924 1492 litteris
940 1435 1099 1510 scriptum,
1116 1435 1231 1508 siquid

234 1533 385 1602 inciderit,
411 1533 493 1605 quod
517 1534 556 1589 ad
581 1551 681 1590 meam
705 1533 885 1607 dignitatem
912 1533 1073 1606 pertineat,
1096 1533 1154 1589 etsi
1176 1533 1230 1590 vix

233 1630 297 1686 fieri
316 1630 424 1704 possit,
441 1636 543 1686 tamen
559 1635 589 1687 te
605 1648 709 1704 parem
724 1631 797 1686 milri
816 1630 947 1706 gratiam
961 1630 1137 1686 relaturum.
1181 1631 1230 1686 Tu

233 1745 306 1783 vero
328 1727 417 1784 facilc
440 1728 556 1796 facies3
584 1727 658 1784 nihil
680 1734 728 1784 cst
747 1728 839 1796 eninr,
861 1728 943 1801 quod
965 1727 1068 1784 studio
1087 1732 1118 1785 et
1138 1728 1230 1785 bene-

233 1824 368 1881 volentia
383 1825 431 1881 vel
446 1843 548 1881 amore
563 1825 664 1898 potius
679 1825 757 1882 effici
772 1843 832 1881 nou
847 1824 956 1898 possit.
1006 1824 1056 1900 (2)
1078 1825 1158 1900 Ego,
1171 1825 1231 1882 etsi

182 1929 218 1979 15
235 1927 266 1979 et
285 1923 350 1996 ipse
365 1921 408 1978 ita
431 1922 602 1979 iudicabam
618 1927 649 1978 et
667 1923 776 1978 fiebam
792 1923 899 1979 crebro
914 1940 933 1978 a
947 1923 1023 1978 meis
1043 1940 1097 1996 per
1111 1922 1230 1980 litteras

234 2019 355 2089 certior,
372 2025 475 2076 tamen
496 2020 660 2075 maximam
680 2019 827 2076 laetitiam
843 2019 910 2093 cepi
925 2038 963 2076 ex
984 2019 1045 2076 tuis
1065 2019 1176 2077 litteris
1191 2021 1230 2077 de

234 2135 288 2191 spe
303 2117 425 2175 minime
441 2117 533 2175 dubia
548 2121 579 2175 et
599 2117 689 2192 plane
706 2117 866 2192 explorata
882 2117 1026 2192 triumphi
1046 2118 1108 2187 tui;
1132 2135 1230 2191 neque

234 2233 306 2273 vero
329 2216 368 2272 ob
394 2234 460 2272 eam
484 2233 619 2286 causam,
644 2233 705 2289 quo
730 2216 795 2289 ipsc
824 2215 943 2272 facilius
967 2233 1232 2290 consequerer,—

233 2331 303 2369 nam
325 2313 357 2369 id
378 2313 499 2385 quidem
521 2313 730 2385 Epikouree'on
752 2313 926 2382 est,-scd
947 2313 1129 2384 mehercule,
1148 2314 1231 2387 quod

180 2416 218 2467 20
234 2415 287 2467 tua
308 2410 441 2485 dignitas
463 2415 555 2483 atque
576 2410 745 2484 amplitudo
768 2410 841 2466 milri
863 2414 912 2467 est
934 2410 1003 2484 ipsa
1022 2429 1093 2468 cara
1109 2429 1164 2485 per
1184 2429 1228 2468 se.

234 2506 302 2580 Qua
322 2525 354 2564 re
374 2507 517 2579 quoniam
538 2504 649 2581 ³pluris
668 2512 700 2564 tu
721 2508 815 2563 habes
830 2525 921 2581 quam
937 2508 1040 2577 ceteri,
1057 2526 1135 2581 quos
1149 2509 1230 2565 scias

233 2606 263 2660 in
279 2606 357 2661 hanc
372 2605 560 2678 provinciam
578 2605 741 2679 proficisci,
757 2605 840 2677 quod
856 2610 887 2661 tc
902 2605 1017 2663 adeunt
1032 2606 1096 2661 fere
1111 2623 1228 2673 omnes,

234 2702 354 2774 siquid
375 2701 463 2771 velis,
486 2702 694 2778 gratissimum
716 2701 788 2758 mihi
811 2700 932 2771 feceris,
956 2702 982 2758 si
1004 2703 1044 2759 ad
1064 2721 1124 2772 me,
1141 2703 1230 2759 simul

235 2804 325 2872 atque
340 2797 485 2873 ⁴adeptus
501 2799 560 2855 eris
572 2800 654 2871 quod
669 2804 700 2855 et
714 2805 748 2855 tu
759 2799 886 2856 confidis
898 2805 929 2855 et
944 2817 1001 2875 ego
1012 2806 1097 2874 opto,
1110 2800 1229 2858 litteras

180 2903 217 2953 25
233 2896 362 2952 miseris.
407 2895 506 2970 Longi
526 2892 691 2964 ⁵subsellii,
712 2899 748 2952 ut
772 2902 876 2953 noster
896 2897 1061 2970 Pompeius
1082 2897 1228 2971 appellat,

230 2993 379 3067 judicatio
394 2998 425 3049 et
443 3010 527 3048 mora
548 2992 574 3049 si
591 3010 682 3066 quem
696 2991 752 3049 tibi
772 2992 845 3049 item
860 3011 951 3049 unum
967 2993 1135 3055 alterumve
1149 2995 1230 3051 diem

234 3090 541 3164 abstulerit—quid
576 3090 656 3147 enim
692 3094 795 3163 potest
826 3088 1092 3165 amplius?—tua
1126 3098 1229 3149 tamen

234 3188 368 3263 dignitas
390 3206 475 3244 suum
498 3187 597 3245 locum
616 3188 777 3246 obtinebit.
823 3188 895 3257 Sed,
917 3189 943 3246 si
964 3207 1012 3246 me
1034 3190 1147 3265 diligis,
1164 3190 1191 3245 si
1212 3208 1230 3245 a

234 3304 281 3343 me
305 3286 390 3362 diligi
413 3287 472 3355 vis,
497 3286 536 3343 ad
560 3303 608 3342 me
633 3285 764 3355 litteras,
788 3291 934 3359 utquam
959 3287 1088 3360 primum
1113 3288 1230 3344 laetitia

221 3478 231 3511 1
244 3479 390 3541 perinvitus
405 3482 462 3544 (per
474 3477 596 3540 invitus),
608 3475 740 3540 uneu'lliny.

220 3560 231 3593 ²
243 3562 376 3610 subiratus
391 3558 522 3623 (subire),
535 3559 642 3623 perhaps
654 3558 701 3607 lit-e
714 3558 750 3606 tle
763 3557 864 3621 English
879 3556 1046 3620 “preceded’'

220 3642 232 3676 ⁸
243 3644 334 3706 pluris,
350 3642 387 3691 tlte
400 3644 514 3705 dignitas
527 3649 607 3703 atque
620 3640 768 3703 amplitudo
780 3640 805 3687 ie
818 3640 933 3703 previous
945 3639 1001 3688 line.

220 3725 231 3759 ⁴
243 3727 363 3789 adeptu,
374 3726 443 3789 from
456 3726 595 3787 adipiscor.
996 3730 1003 3741 ⁸

220 3806 232 3843 ⁵
244 3808 353 3858 subselli
365 3810 425 3873 (sub
438 3807 526 3873 sella),
536 3824 552 3855 a
564 3805 608 3855 low
619 3814 679 3867 seat,
689 3805 743 3854 then
749 3804 852 3870 judqe's
863 3812 923 3863 aeut,
935 3821 952 3852 a
961 3802 1075 3864 tribunal,
1085 3803 1201 3864 madere.
