2817 4300
574 387 743 451 vanum's
766 403 903 451 cunm.
1199 386 1262 456 117

285 573 357 648 Ipse
370 591 469 648 neque
484 591 609 631 aversos
624 574 768 650 dignatur
782 571 933 633 ¹steruerc
948 574 1044 632 Morti

285 688 341 729 nec
354 672 432 744 pede
447 689 629 747 congressos
643 689 741 745 aequo
755 689 811 729 nec
825 671 887 729 tela
901 671 1027 730 serentis
1202 678 1261 731 465

284 767 469 841 insequitur:
487 768 584 825 solum
595 769 693 825 densa
708 769 739 825 in
754 768 882 844 caligine
897 769 1034 826 Turnum

286 865 418 941 vestigat
433 866 577 936 lustrans
594 865 692 923 solum
707 867 738 922 in
753 867 920 924 certamina
935 867 1044 940 poscit.

431 1027 570 1086 Jctcrac
583 1028 611 1083 is
624 989 765 1100 wacltful
771 1029 827 1101 for
840 1027 893 1083 lter
907 1027 1034 1085 brother.

283 1141 353 1199 Hoc
367 1159 517 1199 concussa
530 1147 614 1198 metu
628 1147 762 1198 mentem
777 1143 905 1199 Iuturna
920 1142 1026 1218 virago

285 1239 420 1315 aurigam
435 1239 532 1296 Turni
546 1239 646 1296 media
661 1239 741 1296 inter
754 1239 820 1297 lora
835 1239 999 1297 Metiscum

284 1337 402 1393 excutit
416 1341 447 1394 et
461 1336 551 1411 longe
566 1336 685 1409 lapsum
699 1333 837 1394 “'temone
856 1336 1017 1411 relinquit:
1201 1346 1260 1398 470

283 1433 350 1507 ipsa
365 1434 448 1490 subit
462 1433 662 1506 manibusque
676 1434 822 1492 undantis
837 1435 931 1492 flectit
946 1435 1092 1506 habenae,

284 1537 394 1589 cuncta
408 1549 531 1607 gerens,
548 1549 713 1605 vocemque
729 1537 760 1590 et
774 1549 884 1606 corpus
899 1537 931 1590 et
944 1551 1029 1590 arma
1042 1534 1177 1592 Metisci.

282 1626 396 1704 ³Nigra
410 1629 495 1686 velut
507 1647 636 1704 magnas
650 1629 767 1687 domini
781 1648 850 1687 cum
864 1630 968 1688 divitie
983 1632 1076 1688 aedes

283 1727 423 1801 pervolat
437 1733 468 1784 et
481 1728 591 1801 pennis
607 1728 670 1785 alta
684 1728 763 1785 atria
777 1727 888 1786 lustrat
901 1725 1058 1798 ⁴hirundo,

284 1826 396 1900 pabula
412 1843 507 1900 parva
520 1826 626 1902 legens
640 1825 797 1900 lnidisque
813 1827 990 1900 loquacibus
1005 1843 1104 1897 escae,
1201 1833 1260 1886 475

284 1929 316 1980 et
329 1941 409 1981 nunc
423 1924 591 1997 porticibus
606 1926 723 1995 vacum,
742 1942 822 1982 nunc
836 1925 940 1981 umida
953 1925 1066 1982 circum

284 2025 394 2098 stagna
408 2027 518 2080 sonat:
534 2022 642 2080 similis
656 2023 775 2082 medios
792 2022 919 2080 Iuturna
934 2040 989 2096 per
1002 2022 1100 2079 hostis

283 2120 379 2178 fertur
392 2120 478 2194 equis
493 2121 660 2195 rapidoque
675 2120 785 2180 volans
800 2120 865 2179 obit
879 2120 981 2179 omnia
996 2137 1085 2178 curm

283 2216 402 2291 iamque
418 2219 466 2276 hic
479 2237 659 2295 germanum
672 2219 793 2293 iamque
808 2219 858 2276 hic
872 2222 1008 2275 ostentat
1022 2222 1167 2276 ovantem

283 2333 339 2373 nec
353 2317 490 2374 conferre
503 2334 627 2373 manum
641 2316 768 2390 patitur,
785 2315 870 2374 volat
884 2316 954 2374 avia
968 2315 1069 2392 longe.
1202 2321 1260 2373 480

536 2478 662 2535 AEccua
676 2478 736 2533 still
744 2494 865 2551 presses
879 2494 927 2533 oa.

283 2590 375 2648 Haud
390 2591 490 2648 minus
504 2592 629 2649 Aeneas
642 2587 761 2649 ⁰tortos
777 2590 852 2667 legit
866 2590 975 2648 obvius
989 2590 1079 2649 orbes

282 2688 474 2764 vestigatque
490 2690 587 2746 virum
602 2695 634 2747 et
647 2690 779 2747 disiecta
792 2706 847 2762 per
862 2688 984 2764 agmina
998 2705 1111 2764 magna

282 2803 357 2843 voce
371 2792 473 2844 vocat.
517 2786 666 2860 Quotiens
681 2786 788 2845 oculos
804 2786 933 2844 coniecit
947 2786 978 2843 in
994 2786 1113 2843 hostem

283 2883 495 2958 alipedumque
510 2886 616 2961 fugam
631 2902 722 2943 cursu
737 2884 900 2959 temptavit
914 2900 1070 2957 equorum,

282 2999 407 3040 aversos
421 2982 535 3040 totiens
549 3001 655 3041 currus
669 2984 799 3040 Iuturna
812 2980 946 3039 retorsit.
1199 2986 1258 3037 485

281 3079 350 3157 Heu
364 3081 437 3154 quid
452 3078 545 3156 agat?
585 3081 680 3139 Vario
695 3080 878 3154 nequiquam
897 3078 1024 3135 fluctuat
1038 3082 1136 3147 aestu,

280 3178 479 3252 diversaeque
494 3183 607 3237 vocant
621 3178 756 3235 animum
770 3178 801 3235 in
816 3175 970 3235 contraria
984 3192 1084 3232 curae.

250 3324 401 3375 1sternere:
420 3327 467 3376 this
485 3328 606 3389 infinitivo
623 3326 704 3375 clause
722 3326 744 3375 is
762 3325 823 3375 used
839 3324 894 3375 witlz
912 3324 1045 3387 dignatur,
1059 3322 1175 3387 perhaps,
1193 3340 1222 3371 aa
1242 3341 1258 3371 α

206 3422 267 3455 noun
279 3409 304 3456 in
316 3408 353 3456 tle
364 3408 410 3459 ull.

249 3489 259 3519 ¹
271 3496 383 3550 temone,
398 3489 460 3554 pole.
493 3490 596 3553 ⁸nigra,
606 3490 661 3539 with
673 3490 795 3550 hirundo,
807 3488 824 3538 l.
837 3488 894 3539 474.
927 3487 1069 3547 *hirundm
1084 3503 1100 3535 a
1112 3484 1224 3537 swallow.

248 3570 391 3635 ⁵nidisque
405 3612 410 3622 .
424 3612 429 3621 .
444 3612 449 3622 .
462 3582 552 3622 sonat:

370 3660 385 3682 “
393 3654 418 3703 F
418 3654 473 3719 lupe
485 3657 553 3720 noisy
565 3656 635 3720 wiriy,
645 3655 713 3719 cives
726 3653 858 3702 clomorous
870 3662 961 3719 touque,

395 3736 454 3787 still
465 3739 572 3803 caterinq
582 3739 628 3802 sor
639 3737 680 3785 lter
692 3735 776 3786 callow
787 3735 1107 3802 youny.''—Con1neron.

249 3818 352 3869 ⁸t0rtos
364 3821 449 3880 orbes,
463 3819 500 3868 tle
512 3819 622 3884 windinq
636 3819 718 3884 pallis,
731 3818 767 3867 tte
780 3834 860 3867 course
872 3818 904 3883 of
918 3815 1023 3866 Turnus.
