2817 4300
550 361 670 406 snour
693 361 891 407 nxrnAors.
1181 347 1242 412 151

194 535 325 610 praedae
342 552 379 591 ao
395 532 469 589 belli
489 532 643 588 inferendi
664 549 758 588 causa
779 551 819 590 ex
840 533 943 608 Belgis
966 534 1170 604 transierant;
1192 537 1245 609 qui

193 649 300 688 omnes
315 632 381 686 fere
399 629 436 686 iis
458 629 632 686 nominibus
653 628 812 686 civitatum
834 629 1036 703 appellantur,
1054 632 1163 705 quibus
1184 634 1244 690 orti

193 746 234 785 ex
246 728 424 786 civitatibus
444 745 480 783 eo
501 732 716 801 pervenerunt,
732 731 774 795 et,
791 726 871 783 bello
893 727 988 797 illato,
1006 727 1048 785 ibi
1069 747 1243 802 permanse-

193 830 266 882 runt
288 831 380 897 atque
401 842 494 900 agros
518 823 618 880 oolere
642 828 817 898 coeperunt.
863 825 1028 882 Hominum
1054 831 1101 882 est
1126 827 1244 884 infinita

194 922 358 979 multitudo
378 921 621 994 creberrimaque
646 921 784 978 aedificia
809 922 873 979 fere
899 921 1028 980 Gallicis
1052 924 1242 993 consimilia,

195 1038 338 1093 pecorum
352 1037 481 1095 magnus
495 1037 650 1075 numerus.
694 1019 831 1076 Utuntur
842 1025 895 1076 aut
909 1038 977 1076 aere
998 1025 1051 1077 aut
1072 1021 1161 1078 taleis
1183 1023 1244 1078 ier-

194 1117 254 1174 reis
269 1118 309 1173 ad
322 1122 438 1174 eertum
453 1117 573 1190 pondus
588 1116 771 1172 examinatis
787 1134 842 1189 pro
857 1134 990 1173 nummo.
1035 1119 1181 1174 Nascitur
1203 1120 1245 1175 ibi

195 1214 353 1288 plumbum
376 1213 480 1270 album
504 1214 536 1269 in
560 1213 789 1269 mediterraneis
815 1213 1000 1289 regionibus,
1028 1215 1059 1271 in
1084 1216 1243 1272 maritimis

195 1313 321 1380 ferrum,
337 1311 393 1368 sed
416 1313 481 1384 ejus
501 1311 615 1385 exigua
634 1315 684 1366 est
703 1310 811 1384 oopia3
835 1329 903 1367 aere
925 1316 1052 1368 utuntur
1065 1312 1241 1386 importato.

195 1409 328 1466 Materia
349 1411 500 1482 cujusque
522 1408 654 1483 generis,
678 1407 764 1464 utin
786 1406 900 1477 Gallia,
917 1415 975 1476 est,
996 1415 1116 1482 praeter
1138 1411 1244 1486 fagum

195 1512 287 1580 atque
300 1506 444 1562 abietem.
489 1505 639 1579 Leporem
651 1510 684 1561 et
697 1505 843 1580 gallinam
856 1511 888 1562 et
903 1524 1041 1563 anserem
1055 1505 1184 1581 gustare
1198 1509 1246 1564 fas

195 1622 256 1661 non
278 1609 408 1678 putant;
437 1604 512 1660 haee
533 1608 637 1659 tamen
660 1603 749 1658 alunt
773 1603 865 1659 animi
890 1604 1117 1676 voluptatisque
1137 1623 1243 1662 eausa.

196 1704 279 1760 Looa
293 1707 366 1758 suut
380 1700 597 1774 temperatiora
611 1717 701 1772 quam
717 1700 749 1756 in
760 1699 873 1769 Gallia,
886 1700 1110 1757 remissioribus
1125 1702 1245 1776 frigori-

194 1800 263 1857 bus.

236 1898 345 1954 Insula
359 1903 468 1953 natura
483 1896 642 1969 triquetra,
657 1897 747 1967 cujus
769 1912 862 1952 unum
883 1894 964 1952 latus
985 1901 1035 1954 est
1051 1903 1158 1954 eontra
1171 1897 1246 1955 Gal-

195 1995 279 2051 liam.
323 1994 426 2067 Hujus
441 1993 546 2049 lateris
560 1992 638 2048 alter
651 1991 793 2067 angulus,
810 1993 862 2065 qui
883 1999 933 2050 est
953 1993 994 2050 ad
1014 1992 1170 2064 Cantium,
1186 2012 1247 2068 quo

195 2094 261 2151 fere
280 2109 388 2149 omnes
409 2109 450 2148 ex
467 2089 678 2148 Gallianates
692 2089 897 2164 appelluntur,
914 2091 953 2146 ad
968 2091 1115 2148 orientem
1137 2092 1244 2161 solem,

196 2192 323 2247 inferior
344 2191 386 2247 ad
405 2189 560 2246 meridiem
583 2192 713 2261 speotat.
759 2187 827 2245 Hoc
851 2189 985 2262 pertinet
1008 2190 1130 2247 circiter
1153 2190 1247 2246 millia

196 2306 341 2363 passuum
365 2287 544 2361 quingenta.
591 2285 732 2341 Alterum
758 2286 857 2360 vergit
882 2286 921 2342 ad
946 2286 1131 2360 Hispaniam
1155 2292 1247 2360 atque

194 2385 386 2443 occidentem
398 2383 507 2452 solem,
522 2400 585 2455 qua
598 2400 639 2439 ex
654 2386 741 2456 parte
754 2387 804 2438 est
818 2382 978 2452 Hibernia,
993 2384 1121 2440 dimidio
1135 2385 1245 2455 minor,

195 2488 229 2539 ut
244 2482 434 2550 aestimatur,
454 2498 546 2553 quam
566 2479 736 2548 Britannia,
760 2479 815 2536 sed
836 2480 903 2553 pari
923 2481 1025 2554 spatio
1048 2481 1247 2538 transmissus

194 2586 286 2653 atque
300 2597 342 2635 ex
355 2577 459 2635 Gallia
474 2577 569 2634 estin
584 2576 785 2633 Britanniam.
830 2577 867 2633 In
889 2577 946 2634 hoe
967 2578 1067 2634 medio
1089 2595 1178 2636 oursu
1199 2584 1248 2635 est

195 2676 306 2747 insula,
322 2693 400 2750 quae
415 2675 588 2749 appellatur
605 2674 720 2743 Mona3
743 2674 913 2748 complures
935 2681 1094 2749 praeterea
1114 2676 1248 2733 minores

194 2775 336 2848 objectae
362 2772 480 2829 insulae
505 2772 738 2841 existimantur,
768 2772 806 2828 do
834 2772 944 2844 quibus
973 2773 1080 2829 insulis
1109 2774 1248 2830 nonnulli

195 2873 394 2946 seripserunt,
411 2871 477 2928 dies
491 2869 653 2927 continuos
675 2868 802 2945 triginta
822 2870 881 2927 sub
902 2870 1009 2927 bruma
1022 2888 1091 2927 esse
1112 2876 1244 2927 noctem.

196 2970 263 3026 Nos
278 2970 352 3027 nihil
366 2969 404 3025 de
418 2985 456 3025 eo
470 2967 753 3042 percontationibus
767 2967 1004 3040 reperiebamus,
1022 2968 1080 3023 nisi
1095 2968 1186 3025 certis
1208 2987 1247 3025 ex

196 3083 276 3140 aqua
289 3066 439 3123 mensuris
454 3065 609 3122 breviores
620 3081 688 3121 esse
702 3082 796 3137 quam
809 3063 841 3120 in
856 3064 1031 3121 continente
1046 3070 1152 3122 noctes
1163 3066 1247 3122 vide-

196 3164 315 3219 bamus.
359 3164 461 3236 Hujus
475 3167 524 3219 est
538 3161 699 3237 longitudo
720 3160 836 3231 lateris,
853 3166 888 3217 ut
906 3162 969 3218 tert
989 3161 1109 3217 illorum
1129 3162 1246 3236 opinio,

196 3262 459 3335 septingentorum
480 3258 618 3316 millium.
663 3258 801 3315 Tertium
816 3263 863 3315 est
877 3266 984 3316 eontra
999 3260 1245 3333 septemtriones,

196 3358 245 3416 oui
268 3358 348 3432 parti
373 3357 457 3414 nulla
480 3362 527 3414 est
549 3356 674 3430 objecta
696 3361 797 3425 terra;
822 3357 878 3413 sed
899 3359 964 3430 ejus
986 3356 1116 3431 angulus
1141 3355 1246 3413 latoris

147 3453 150 3462 '
196 3456 327 3510 maxime
349 3455 388 3511 ad
408 3453 606 3511 Germaniam
626 3458 766 3527 speetat3
792 3454 849 3510 hoo
870 3454 966 3509 millia
986 3471 1133 3527 passuum
1149 3453 1248 3509 ootin·

197 3561 290 3626 genta
317 3551 348 3607 iu
376 3550 598 3626 longitudinem
618 3569 687 3608 esse
708 3551 913 3607 existimatur.
956 3550 1007 3607 Ita
1026 3550 1126 3607 omnis
1147 3549 1247 3606 insula

196 3653 245 3705 est
265 3648 297 3704 in
318 3648 444 3707 oirouitu
458 3651 552 3708 vicies
568 3656 690 3708 eentum
703 3650 831 3706 millium
852 3666 1004 3723 passuum
