2817 4300
185 400 248 463 230
367 414 585 462 sunaorrous
607 413 709 460 raon
733 412 844 459 unam
868 413 1048 462 nurnoas.

183 587 294 644 Patres
315 585 401 642 fuere
423 589 575 641 auctores.
625 583 747 641 Numae
770 583 914 658 Pompilii
938 585 1019 660 regis
1043 603 1151 659 nepos,
1176 585 1240 642 filia

185 690 283 752 ortus,
299 684 407 739 Ancus
428 681 564 738 Marcius
586 686 662 738 erat.
708 679 778 753 Qui,
794 687 829 738 ut
850 700 978 757 regnare
1000 683 1112 756 coepit,
1137 682 1240 740 avitae

186 781 302 858 gloriae
318 797 444 848 memor,
460 779 564 835 omnia
578 796 666 836 sacra
680 797 720 836 ex
735 775 961 837 commentariis
976 780 1096 837 Numae
1118 781 1240 854 pontili-

187 897 252 937 cem
276 879 306 934 in
331 878 434 935 album
458 876 557 933 relata
581 894 752 951 proponere
776 878 807 933 in
828 876 950 951 publico
972 877 1069 950 jubet.
1114 877 1191 934 Inde
1209 882 1241 934 et

187 977 305 1035 civibus
326 975 382 1032 otii
403 974 522 1048 cupidis
544 980 576 1031 et
596 974 733 1030 finitimis
749 974 924 1031 civitatibus
940 977 1021 1031 facta
1036 991 1119 1047 spes,
1135 975 1167 1030 in
1190 975 1241 1030 avi

188 1091 287 1130 mores
309 1078 400 1146 atque
422 1072 564 1129 instituta
585 1089 688 1146 regem
711 1071 873 1128 abiturum.
917 1071 1016 1146 Igitur
1037 1071 1149 1140 Latini,
1171 1089 1241 1128 cum

187 1172 310 1245 quibus,
326 1171 417 1228 Tullo
439 1174 599 1246 regnante,
616 1169 710 1225 ictum
732 1169 843 1226 foedus
865 1173 942 1235 erat,
967 1169 1153 1226 sustulerant
1175 1169 1239 1225 ani·

188 1287 273 1326 mos:
297 1273 339 1337 et,
362 1285 455 1343 quum
476 1266 681 1324 incursionem
703 1267 735 1323 in
756 1283 863 1342 agrum
884 1266 1055 1322 Romanum
1078 1266 1239 1334 iecissent,

188 1367 399 1440 repetentibus
413 1383 462 1422 res
478 1365 625 1422 Romanis
641 1359 771 1438 superbe
787 1381 965 1438 responsum
987 1365 1136 1432 reddunt;
1159 1363 1241 1420 desi-

189 1466 259 1521 dem
284 1465 455 1522 Romanum
480 1481 583 1538 regern
608 1463 687 1520 inter
716 1461 829 1519 sacella
854 1467 885 1519 et
912 1479 981 1519 aras
1010 1468 1146 1520 acturum
1171 1479 1242 1519 esse

189 1563 401 1637 regnumrati.
445 1560 583 1617 Medium
598 1568 664 1617 erat
678 1560 709 1616 in
725 1561 814 1617 Anco
842 1561 1009 1636 ingenium,
1027 1565 1058 1617 et
1075 1562 1194 1618 Numae
1210 1565 1242 1617 et

189 1658 312 1717 Romuli
326 1677 450 1716 memor.
486 1657 598 1730 Quare,
610 1659 796 1716 demandata
811 1676 883 1716 cura
898 1676 1051 1716 sacrorum
1067 1659 1242 1719 flaminibus

190 1756 459 1829 sacerdotibusque
475 1755 554 1824 aliis,
571 1756 707 1812 exercitu
725 1773 804 1814 novo
819 1757 977 1830 conscipto
992 1757 1148 1832 profectus
1160 1756 1241 1813 Poli-

190 1855 312 1924 torium,
326 1854 431 1910 urbem
446 1853 634 1923 Latinorum,
646 1854 677 1910 ri
692 1855 791 1927 cepit3
809 1861 990 1927 secutusque
1006 1872 1119 1910 morem
1135 1872 1241 1930 regum

190 1952 335 2026 priorum,
352 1951 404 2024 qui
425 1969 487 2007 rem
510 1951 680 2007 Romanam
702 1957 854 2008 auxerant
874 1953 1014 2009 hostibus
1036 1953 1066 2009 in
1085 1953 1242 2010 civitatem

190 2049 387 2122 accipiendis,
399 2047 623 2104 multitudinem
638 2065 758 2105 omnem
775 2048 905 2106 Romam
920 2049 1065 2107 traduxit.
1095 2050 1135 2106 Et
1145 2066 1240 2122 quum

190 2147 271 2205 circa
288 2145 451 2214 Palatium,
469 2146 573 2204 sedem
595 2151 732 2203 veterum
754 2146 972 2217 Romanorum,
990 2147 1096 2205 Sabini
1117 2146 1241 2222 Capito·

190 2245 264 2302 lium
278 2250 368 2317 atque
381 2261 491 2311 arcem,
505 2242 640 2301 Caelium
653 2250 789 2302 montem
798 2246 913 2302 Albani
924 2245 1120 2319 implessent3
1136 2246 1242 2302 Aven-

190 2344 287 2399 tinum
297 2360 395 2398 novae
406 2341 592 2398 multitudini
604 2343 720 2399 datum.
750 2343 771 2400 J
773 2342 925 2399 auiculum
935 2361 1054 2417 quoque
1067 2344 1221 2415 adjectum
1233 2364 1241 2414 3

190 2457 252 2496 non
267 2439 370 2513 inopia
390 2437 460 2505 loci,
477 2439 531 2495 sed
554 2440 737 2512 nequando
759 2458 794 2497 ea
816 2458 872 2496 arx
894 2441 1027 2497 hostiurn
1053 2446 1144 2497 esset.
1202 2440 1243 2498 Id

191 2555 251 2593 non
274 2554 359 2593 muro
381 2535 490 2601 solum,
508 2536 561 2593 sed
584 2536 677 2593 etiam
698 2538 738 2594 ob
754 2538 1001 2595 commoditatem
1016 2539 1132 2595 itineris
1147 2546 1242 2612 ponte

191 2634 330 2702 sublicio,
347 2638 411 2690 tum
432 2634 562 2707 primum
585 2634 615 2690 in
637 2634 742 2691 Tiberi
758 2636 853 2702 facte,
870 2636 1015 2711 conjungi
1031 2636 1098 2693 urbi
1112 2636 1239 2709 placuit.

191 2733 257 2789 Nec
282 2732 354 2788 urbs
374 2736 494 2788 tantum
515 2732 573 2788 hoc
594 2749 666 2807 rege
687 2732 794 2801 erevit,
811 2733 865 2789 sed
887 2733 979 2789 etiam
1002 2752 1074 2809 ager
1095 2735 1242 2806 finesque.

191 2829 275 2887 Silva
296 2816 417 2886 Maesia
437 2828 619 2886 Veientibus
641 2830 795 2903 adempta,
813 2847 908 2903 usque
931 2832 969 2887 ad
985 2849 1066 2889 mare
1081 2831 1243 2905 imperium

190 2928 353 3003 prolatum,
370 2935 402 2985 et
415 2929 447 2984 in
461 2945 513 2985 ore
527 2928 648 2985 Tiberis
663 2927 753 2986 Ostia
766 2929 839 2985 urbs
855 2930 989 2987 condita.

299 3172 368 3227 122.
397 3171 469 3227 Tan
491 3170 574 3227 Waa
595 3188 746 3227 saraam
768 3170 883 3229 Casan
903 3189 968 3229 nun
990 3174 1132 3231 Ponrnr.

230 3318 312 3375 Hinc
326 3319 389 3391 iam
404 3316 516 3400 bellum
533 3317 622 3375 civile
638 3318 787 3375 successit
808 3321 1029 3377 exsecrandum
1051 3325 1082 3378 et
1102 3319 1242 3378 lacrima·

189 3416 262 3484 bile,
286 3431 348 3487 quo
372 3419 493 3489 praeter
517 3415 720 3484 calamitates,
745 3433 823 3489 quae
849 3417 879 3473 in
904 3418 1027 3491 proeliis
1052 3418 1240 3487 acciderunt,

190 3512 283 3569 etiam
311 3512 415 3586 populi
444 3511 574 3569 Romani
602 3514 725 3569 fortuna
756 3518 873 3571 mutata
901 3520 960 3572 est.
1018 3514 1132 3573 Caesar
1160 3517 1241 3573 enim

188 3610 310 3666 rediens
333 3627 372 3665 ex
394 3608 497 3667 Gallia
511 3609 609 3667 victor
630 3612 732 3684 coepit
753 3628 878 3685 poscere
900 3612 1027 3670 alterum
1050 3613 1242 3671 consulatum

189 3711 281 3777 atque
296 3705 350 3774 ita,
367 3712 401 3761 ut
416 3706 481 3762 sine
496 3705 589 3762 dubio
611 3706 713 3780 aliquo
736 3708 763 3764 ei
782 3709 963 3767 deferretur.
1009 3709 1241 3768 Contradictum

189 3805 237 3856 est
259 3818 277 3855 a
297 3799 447 3857 Marcello
468 3801 603 3870 consule,
621 3821 639 3858 a
654 3803 774 3872 Bibu10,
793 3805 982 3880 aPompeiO,
999 3825 1017 3863 a
1032 3802 1160 3875 Catone,
1177 3809 1242 3880 jus·
