2817 4300
171 391 234 457 146
354 408 572 457 smmomous
594 408 697 455 nnom
719 407 833 454 namn
854 407 1038 456 Aurnons.

170 581 229 638 bus
250 581 414 638 interfecit.
458 580 537 636 Tum
559 580 598 635 ad
617 579 824 654 Eurystheum
839 595 980 636 reversus
994 583 1053 648 est,
1069 583 1223 637 mortuum

170 678 290 736 leonem
305 677 437 734 humeris
451 677 628 751 impositum
642 677 757 733 ferens.

522 840 582 897 Tire
596 839 738 896 Lerneun
752 839 873 913 Hydra.

211 954 292 1013 Olim
316 955 348 1011 in
372 954 484 1028 palude
509 954 691 1013 versabatur
716 954 822 1029 hydra.
872 953 959 1010 Haeo
985 971 1094 1012 novem
1119 957 1223 1029 capita

169 1054 314 1110 habebat.
359 1051 469 1127 Capita
483 1069 556 1110 vero
577 1057 648 1110 octo
667 1051 800 1110 abscidit
814 1051 975 1120 Hercules,
991 1069 1103 1107 nonum
1118 1057 1223 1110 autem

170 1151 329 1208 vulnerare
345 1169 406 1206 non
422 1155 561 1224 poterat3
584 1149 754 1207 immortale
770 1149 850 1206 enim
864 1154 941 1206 erat.
981 1149 1131 1205 Abscisso
1145 1167 1222 1222 quo·

169 1265 227 1320 que
256 1248 369 1321 capite,
395 1248 468 1304 bina
496 1247 601 1304 statim
629 1248 863 1304 enascebantur.
917 1247 977 1304 His
1001 1248 1125 1305 tandem
1150 1249 1222 1324 igne

169 1347 370 1419 consumptis
388 1350 481 1419 capnt
502 1345 671 1402 immortale
693 1346 751 1402 sub
767 1362 844 1402 saxo
859 1345 975 1420 ingenti
990 1347 1127 1403 condidit
1141 1347 1221 1403 Her·

169 1443 263 1500 cules·
307 1443 404 1500 Belua
418 1443 461 1499 ita
476 1443 608 1510 devicta,
625 1443 757 1518 sagittas
771 1448 923 1501 venenato
938 1443 1086 1518 sanguine
1101 1443 1203 1501 tinxit.

489 1606 550 1662 ibe
564 1606 790 1678 Erymanthio-n
805 1605 900 1662 Bour.

210 1720 340 1776 Exstitit
371 1720 402 1776 in
434 1726 536 1776 monte
567 1719 758 1795 Erymantho
788 1737 861 1794 aper
891 1719 968 1776 mira
997 1720 1219 1796 magnitudine.

169 1817 262 1876 Hunc
276 1831 385 1892 capere
399 1818 500 1875 iussus
516 1817 665 1874 Hercules
679 1818 783 1875 statim
800 1818 957 1891 proiectus
972 1822 1029 1874 est.
1063 1819 1122 1874 Per
1133 1817 1221 1876 nives

169 1916 222 1971 diu
254 1915 411 1974 insecutus
442 1933 560 1989 aprum,
590 1916 714 1972 tandem
746 1915 862 1988 laqueis
893 1914 1081 1989 implicatum
1112 1932 1221 1989 capere

170 2013 281 2087 potuit,
298 2013 383 2070 etad
397 2013 602 2088 Eurystheum
617 2011 746 2069 rettulit.

525 2176 587 2233 Tbe
601 2174 761 2232 Arcadian
776 2175 862 2251 Βίας.
954 2151 956 2157 ¹

210 2291 248 2348 In
279 2290 415 2348 Arcadia
446 2307 553 2347 cervus
582 2295 648 2347 erat
676 2290 776 2347 aureis
805 2270 959 2359 cornibus,
989 2290 1118 2365 pedibus
1147 2307 1220 2349 vero

169 2388 283 2445 aeneis.
329 2389 420 2444 Hunc
448 2388 534 2460 sequi
563 2387 713 2444 Hercules
742 2388 781 2444 ab
809 2388 983 2462 Eurystheo
1011 2388 1113 2444 iussus
1140 2392 1217 2445 erat.

169 2486 297 2542 Frustra
324 2503 378 2558 per
403 2491 499 2542 totum
529 2502 642 2540 annum
670 2502 792 2542 cervum
821 2485 976 2541 insecutus
1001 2492 1066 2552 est;
1096 2485 1218 2542 tandem

170 2583 284 2658 sagitta
298 2582 490 2639 vulneratum
506 2583 598 2655 cepit.

500 2728 561 2784 The
576 2726 694 2785 Slubles
709 2730 747 2801 of
762 2726 896 2804 Arcens.

209 2844 347 2918 Augeae„
376 2860 430 2899 rex
455 2842 565 2910 minis,
593 2842 652 2898 tria
675 2842 771 2899 millia
794 2843 886 2899 boum
912 2843 1056 2900 habebat.
1100 2842 1219 2901 Horum

169 2940 290 2997 stabula
304 2957 359 3013 per
373 2939 500 3014 triginta
514 2956 611 2995 annos
626 2958 688 2996 non
703 2944 791 2996 erant
805 2939 879 2997 lota.
923 2939 1073 2998 Hercules
1086 2941 1218 3016 Augean

170 3038 256 3107 adiit,
280 3037 367 3110 eique
391 3037 490 3093 dixit:
522 3036 626 3095 “Uno
647 3037 697 3094 die
720 3038 795 3095 haec
816 3036 936 3095 stabula
957 3037 1078 3095 lavabo
1122 3038 1218 3094 Visne

170 3135 253 3204 mihi,
270 3135 327 3192 hoc
348 3135 444 3203 factu,
462 3133 611 3191 decimam
632 3135 725 3191 boum
746 3140 863 3207 partem
884 3132 1004 3191 dare?”
1047 3118 1218 3210 Respondit

168 3235 312 3308 Augeus:
345 3233 468 3289 “Dabo
491 3231 664 3288 lubenter.''
708 3232 787 3288 Tum
812 3232 972 3300 Hercules,
996 3250 1144 3290 converso
1166 3250 1219 3306 per

169 3330 291 3387 stabula
305 3348 405 3398 amne,
422 3347 499 3403 opus
514 3330 658 3387 facillime
673 3329 753 3386 intra
768 3347 860 3386 unum
875 3330 954 3386 diem
971 3330 1098 3406 peregit.

492 3495 553 3552 Tite
567 3494 781 3569 Stymphaliae
795 3497 899 3554 Binda.
944 3492 952 3510 ⁰

208 3608 364 3665 Vivebant
385 3608 456 3665 olim
482 3610 513 3665 in
539 3609 606 3666 lacu
632 3611 671 3666 ud
697 3610 909 3687 Stymphalum
932 3612 963 3668 in
986 3612 1121 3671 Arcadia
1144 3631 1218 3671 aves

169 3705 299 3780 pedibus
320 3711 352 3761 et
372 3706 480 3762 rostris
498 3710 530 3763 et
544 3708 653 3780 pennis
669 3709 791 3765 aeneis:
814 3710 978 3767 utebantur
993 3717 1093 3767 sutem
1109 3710 1218 3785 pennis

169 3802 233 3859 suis
261 3818 317 3876 pro
346 3801 479 3875 sagittis,
510 3809 541 3859 et
568 3820 658 3860 carne
687 3804 842 3861 hominum
870 3808 1082 3864 vescebantur.
1132 3807 1218 3865 Aves
