2817 4300
560 355 679 402 sacar
701 355 898 402 nxnancrs.
1190 337 1253 402 213

202 523 285 582 niam
305 524 419 582 invasit
440 529 472 582 et
492 525 745 601 Paphlagoniam,
762 525 859 600 pulsis
881 543 920 581 ex
941 542 978 581 ea
997 525 1130 600 regibus,
1147 525 1253 582 amicis

202 621 306 696 populi
331 614 477 692 Romani,
501 622 684 696 Pylaemene
706 629 737 680 et
758 623 937 679 Nicomede.
991 622 1068 679 Inde
1096 622 1253 696 Ephesum

202 718 371 788 contendit,
387 723 419 776 et
440 738 494 794 per
514 737 625 776 omnen
645 720 756 776 Asiam
776 718 881 777 literas
902 719 996 789 misit,
1019 724 1064 788 ut,
1080 719 1252 792 ubicunque

111 880 122 902 .
201 816 319 873 inventi
340 822 444 873 essent
464 817 547 874 cives
568 817 710 887 Romani,
727 834 788 874 uno
809 817 858 874 die
875 818 1095 874 occiderentur.
1139 817 1253 874 Postea

201 914 365 970 commisso
385 915 502 987 proelio
523 919 630 971 contra
650 914 846 984 Archelaum,
871 914 1059 971 Mithridatis
1080 914 1112 969 in
1132 913 1252 970 Achaia

200 1011 321 1080 ducem,
335 1011 377 1067 ita
393 1029 460 1068 eum
473 1012 558 1081 vicit,
570 1016 604 1068 ut
619 1029 659 1068 ex
674 1016 797 1069 centum
811 1011 919 1087 viginti
935 1011 1067 1069 millibus
1078 1011 1132 1068 vix
1146 1011 1251 1068 decem

199 1107 354 1165 Archelao
369 1117 575 1183 superessent,
592 1127 631 1166 ex
647 1108 749 1167 Sullae
764 1110 900 1167 exercitu
921 1109 1164 1182 quattuordecim
1184 1114 1251 1166 tan-

200 1209 266 1262 tum
280 1206 418 1262 homines
432 1206 685 1264 interficerentur.
730 1208 798 1264 Hac
815 1225 919 1282 pugna
939 1206 1074 1282 cognita,
1090 1207 1252 1264 Mithrida·

200 1307 248 1360 tes
276 1303 472 1379 septuaginta
500 1304 595 1360 millia
622 1303 790 1362 lectissima
812 1323 851 1361 ex
878 1305 956 1361 Asia
976 1304 1130 1362 Archelao
1155 1305 1249 1374 misit,

116 1446 133 1460 χ
200 1405 308 1457 contra
329 1418 419 1474 quem
441 1400 526 1459 Sulla
547 1402 657 1459 iterum
671 1402 833 1459 commisit.
877 1401 980 1459 Primo
994 1402 1111 1476 proelio
1125 1403 1251 1474 quinde-

200 1497 260 1555 cim
274 1497 368 1554 millia
382 1499 515 1555 hostium
530 1499 694 1556 interfecta
715 1504 796 1556 sunt.
842 1498 983 1557 Secundo
1003 1517 1109 1556 omnes
1131 1499 1251 1556 Mithri·

200 1595 282 1653 datis
310 1596 417 1669 copiae
442 1597 614 1654 exstinctae
643 1602 726 1667 suut,
749 1597 920 1654 Archelaus
942 1596 1007 1670 ipsc
1029 1597 1129 1655 triduo
1150 1598 1251 1654 nudus

199 1685 234 1748 in
253 1692 415 1767 paludibus
436 1693 534 1751 latuit.
576 1693 645 1751 Hac
666 1712 698 1751 re
720 1695 836 1763 audita,
858 1694 1054 1751 Mithridates
1076 1712 1143 1751 cum
1167 1693 1252 1752 Sulla

199 1790 239 1847 de
260 1809 336 1865 pace
357 1791 408 1867 agi
428 1791 531 1864 jussit.
576 1791 637 1850 Sed
659 1809 751 1864 quum
767 1791 861 1867 legati
875 1809 893 1847 a
907 1810 978 1868 rege
994 1792 1183 1860 Mithridate,
1200 1792 1252 1865 qui

200 1904 309 1961 pacem
323 1889 480 1962 petebant,
497 1889 666 1959 venissent,
684 1907 745 1945 non
762 1889 850 1946 aliter
865 1907 897 1946 se
913 1890 1054 1946 daturum
1077 1889 1162 1948 Sulla
1183 1907 1250 1947 esse

199 1985 369 2058 respondit,
387 1985 446 2043 nisi
459 2004 527 2056 rex,
543 1985 658 2043 relictis
677 1986 726 2053 ile,
743 2004 820 2058 quae
842 1992 1054 2060 occupaverat,
1070 1987 1110 2044 ad
1123 2004 1251 2063 regnum

200 2099 289 2139 suum
302 2083 454 2140 rediisset.
492 2085 605 2141 Postea
619 2088 722 2140 tamen
734 2085 773 2141 ad
789 2083 972 2158 colloquium
988 2085 1078 2141 ambo
1091 2091 1248 2160 venerunt.

199 2180 267 2238 Pax
282 2181 361 2238 inter
375 2199 427 2238 eos
439 2182 581 2238 ordinata
594 2187 653 2251 est,
666 2187 701 2239 ut
716 2181 800 2240 Sulla
816 2183 855 2239 ad
869 2182 983 2239 bellum
998 2182 1085 2240 civile
1100 2182 1251 2240 festinans

202 2296 221 2335 a
234 2286 320 2354 tergo
338 2278 506 2351 periculum
527 2296 588 2335 non
609 2279 746 2335 haberet.
791 2280 872 2336 Nam
887 2280 959 2336 dum
975 2279 1058 2337 Sulla
1079 2282 1111 2337 in
1131 2281 1251 2337 Achaia

201 2379 292 2447 atque
309 2376 388 2432 Asia
408 2376 621 2433 Mithridatem
635 2376 741 2445 vincit,
759 2376 888 2445 Marius,
905 2376 956 2449 qui
978 2378 1105 2453 fugatus
1128 2382 1204 2446 erat,
1221 2384 1253 2435 et

201 2470 361 2529 Cornelius
376 2472 485 2543 Cinna,
499 2491 578 2529 unus
594 2491 633 2530 ex
648 2473 963 2542 consulibuahellum
979 2474 1008 2529 in
1023 2473 1115 2531 Italia
1130 2492 1251 2548 repara·

199 2575 321 2637 verunt,
338 2576 369 2627 et
389 2570 520 2646 ingressi
541 2571 646 2627 urbem
668 2570 796 2627 Romam
819 2571 1025 2628 nobilissimos
1042 2590 1081 2628 ex
1097 2578 1205 2629 senatu
1220 2577 1252 2630 ct

200 2668 375 2725 consulares
397 2668 479 2724 viros
500 2667 729 2737 interfecerunt,
749 2667 861 2725 multos
882 2670 1137 2743 proscripserunt,
1155 2669 1251 2743 ipsius

201 2764 302 2822 Sullae
317 2766 408 2821 domo
423 2783 540 2834 eversa,
558 2765 636 2821 filios
651 2770 682 2822 et
697 2783 823 2823 uxorem
841 2766 881 2823 ad
903 2767 1005 2843 fugam
1026 2750 1249 2841 compulerunt.

199 2861 370 2920 Universae
398 2863 531 2936 reliquus
560 2869 686 2920 senatus
715 2882 755 2920 ex
775 2864 849 2920 urbe
875 2864 998 2939 fugiens
1020 2865 1060 2921 ad
1081 2863 1197 2921 Sullam
1220 2865 1250 2922 in

201 2957 362 3017 Graeciam
375 2961 472 3030 venit,
485 2978 588 3030 orans,
602 2966 637 3018 ut
651 2960 769 3034 patriae
785 2961 970 3018 subveniret.
1011 2961 1068 3017 Ille
1082 2961 1113 3017 in
1127 2961 1251 3018 Italiam

201 3056 333 3129 trajecit,
346 3057 458 3113 bellum
473 3058 561 3115 civile
575 3064 718 3133 gesturus
734 3058 882 3129 adversus
897 3059 1077 3115 Norbanum
1089 3064 1119 3115 et
1135 3057 1250 3132 Scipio-

200 3171 271 3211 nem
285 3154 437 3212 consules
480 3156 522 3211 Et
536 3155 633 3229 primo
653 3155 768 3229 proelio
790 3156 969 3212 Norbanum
982 3156 1057 3212 vicit
1078 3174 1139 3212 non
1160 3156 1250 3232 longe

201 3268 219 3308 a
240 3250 356 3325 Capua.
410 3253 487 3309 Inde
509 3252 602 3309 etiam
623 3252 663 3309 ad
684 3250 859 3327 Scipionem
880 3270 913 3311 se
935 3253 1097 3322 convertit,
1121 3258 1152 3311 et
1179 3258 1250 3311 ante

200 3349 347 3424 proelium
368 3356 467 3407 totum
488 3351 556 3423 ejus
577 3350 747 3407 exercitum
767 3350 833 3407 sine
855 3350 1003 3426 sanguino
1019 3352 1050 3407 in
1064 3350 1251 3408 deditionem

200 3446 329 3520 accepit.
375 3446 435 3505 Sed
451 3465 544 3521 quum
558 3447 673 3505 Romae
695 3448 805 3504 mutati
826 3448 966 3505 consules
988 3454 1102 3517 essent,
1119 3448 1249 3519 Marius,

199 3542 292 3601 Marii
306 3545 397 3614 filius,
415 3563 450 3602 ac
464 3546 606 3619 Papirius
622 3544 723 3603 Carbo
738 3544 931 3603 consulatum
946 3546 1148 3620 accepissent,
1166 3546 1251 3604 Sulla

200 3647 308 3699 contra
328 3643 461 3699 Marium
482 3643 632 3716 juniorem
655 3642 823 3712 dimicavit,
840 3648 881 3713 et,
897 3642 1007 3719 viginti
1028 3643 1161 3701 millibus
1183 3646 1250 3717 eius

198 3738 321 3808 occisis,
336 3740 578 3815 quadringentos
597 3740 635 3797 de
653 3739 717 3796 suis
738 3738 881 3814 perdidit.
933 3741 1011 3799 Mox
1033 3741 1126 3798 etiam
1146 3742 1253 3799 urbem
