2817 4300
548 364 715 428 vunam’s
738 381 873 427 mnmn.

265 550 465 626 1spiramenta
479 551 599 608 animae
614 550 698 608 letali
713 551 835 608 volnere
851 551 942 625 rupit.

262 647 372 706 Stabat
385 650 416 705 in
430 649 562 724 egregiis
575 649 721 705 Arcentis
736 648 815 704 filius
830 649 933 718 armiS,

261 741 377 820 ²pictus
390 763 448 804 acu
462 746 654 821 chlamydem
668 751 700 802 et
714 745 864 822 ferrugine
878 746 979 803 clarus
994 747 1122 820 Hibera,

261 842 389 919 insignis
404 844 496 913 faeie,
511 844 632 919 genitor
646 861 737 917 quem
751 844 877 900 miserat
889 843 1021 914 Arcens,

261 941 403 998 eductum
417 941 530 998 Matris
544 941 613 999 luco
628 940 806 1017 Symaethia
819 941 932 999 circum

261 1038 395 1108 fiumina,
412 1039 533 1115 pinguis
547 1039 601 1095 ubi
614 1044 646 1096 et
660 1038 811 1113 placibilis
827 1057 881 1095 ara
894 1039 1008 1098 Palici:
1179 1049 1236 1098 585

261 1133 461 1193 ¹⁴stridentem
474 1134 618 1193 ³fundam
634 1136 732 1211 postis
748 1136 921 1193 Mezentius
936 1137 1033 1194 hastis

262 1233 327 1307 ipse
342 1239 388 1290 ter
401 1234 535 1291 adducta
549 1235 661 1291 circum
675 1237 770 1307 eaput
783 1234 847 1308 egit
860 1233 981 1292 habena

262 1336 294 1387 et
307 1331 406 1387 media
420 1332 544 1388 adversi
557 1331 726 1405 liquefacto
740 1336 879 1404 tempora
893 1331 1018 1405 plumbo

260 1428 369 1485 diffidit
382 1446 418 1487 ao
433 1429 529 1486 multa
542 1434 716 1502 porrectum
730 1428 870 1486 extendit
882 1425 1021 1487 ⁴harena.

301 1526 379 1582 Tum
394 1526 524 1600 primum
538 1526 619 1583 bello
633 1526 762 1583 celerem
777 1523 963 1583 ⁵intendisse
977 1527 1124 1602 sagittam
1178 1533 1238 1584 590

261 1623 372 1680 dicitur
385 1631 456 1681 ante
471 1625 554 1681 feras
568 1623 677 1681 solitus
692 1629 804 1680 terrere
820 1624 947 1699 fugaces

262 1720 414 1778 Ascanius
429 1722 601 1795 fortemque
615 1739 708 1778 manu
722 1722 838 1778 fudisse
853 1721 1039 1792 Numanum,

262 1818 310 1874 oui
325 1818 453 1884 Remulo
467 1836 637 1894 cognomen
651 1824 728 1888 erat,
746 1817 901 1892 Turnique
916 1818 1062 1875 minorem

262 1933 437 1991 germanam
452 1934 548 1990 nuper
562 1915 696 1973 thalamo
711 1915 846 1973 sociatus
861 1916 1005 1972 habebat.

261 2013 295 2069 Is
309 2014 437 2087 primam
451 2019 523 2071 ante
537 2014 633 2071 aciem
647 2013 743 2088 digna
758 2018 849 2086 atque
864 2013 991 2088 indigna
1004 2014 1102 2071 relatu
1179 2022 1237 2071 595

262 2111 436 2169 vociferans
450 2111 644 2185 tumidusque
659 2129 741 2169 novo
755 2110 934 2185 praecordia
948 2127 1043 2187 regno

261 2208 327 2265 ibat
340 2213 372 2266 et
385 2210 540 2285 ingentem
553 2227 623 2266 sese
637 2208 768 2266 elamore
784 2209 922 2265 ferebat:

465 2404 613 2463 Remulus
627 2406 733 2460 renites
747 2404 793 2461 tlte
813 2404 953 2478 Trojaas.

262 2536 354 2593 ‘Non
369 2537 464 2611 pudet
476 2536 637 2593 obsidione
653 2535 761 2592 iterum
776 2534 916 2608 valloque
931 2536 1039 2607 teneri,

260 2632 309 2690 bis
322 2633 406 2707 eapti
420 2634 569 2709 Phryges,
585 2638 618 2690 et
632 2633 723 2689 morti
737 2634 936 2707 praetendere
951 2633 1074 2690 muros?

261 2731 309 2787 En
323 2731 375 2804 qui
389 2736 495 2788 nostra
509 2730 567 2787 sibi
581 2729 663 2787 bello
675 2726 827 2788 ‘'conubia
841 2730 990 2804 possunt!
1178 2737 1238 2788 600

260 2826 335 2900 Quis
350 2829 426 2886 deus
440 2828 574 2898 Italiam,
591 2845 669 2901 quae
684 2846 740 2885 vos
755 2828 908 2884 dementia
922 2826 1046 2902 adegit?

260 2926 332 2982 Non
346 2926 395 2983 hie
408 2926 538 2983 Atridae
552 2943 610 2983 neo
624 2925 712 2981 fandi
727 2926 814 2981 fictor
828 2924 954 2983 Ulixes:

230 3080 262 3127 A.
287 3082 432 3129 Mezentius
446 3082 510 3143 ipse,
522 3082 605 3129 hastis
617 3081 718 3142 positis,
727 3081 782 3140 egit
794 3081 948 3128 stridentem
960 3079 1073 3128 fundam
1084 3085 1126 3128 ter
1137 3080 1237 3129 circum

185 3169 315 3225 tempora,
328 3164 433 3213 habena
444 3165 568 3223 adducta,
578 3172 622 3213 etc.

230 3298 238 3327 ¹
251 3300 411 3361 spiramenta
423 3301 535 3349 animae.
570 3300 697 3348 Definitio
709 3300 873 3361 pulmonum.
881 3327 915 3335 -
923 3300 1051 3349 Snnvws.

228 3381 338 3444 ²pictus
351 3420 359 3433 .
374 3421 379 3433 .
391 3421 398 3432 .
411 3384 518 3432 Hibera.
549 3382 637 3432 “Foir
648 3380 754 3429 55151(ιέ
765 3378 960 3445 sessile-painted
970 3378 1048 3440 cloalc,
1057 3380 1113 3429 witlr
1126 3380 1236 3445 Spanisl

184 3464 273 3513 scarlet
284 3466 428 3531 5519559-
435 3466 555 3515 Monms.

227 3546 240 3580 ⁸
251 3549 370 3608 fundam,
381 3566 400 3596 a
411 3547 481 3613 sliaq.

227 3630 240 3663 4
251 3632 358 3691 harena,
369 3630 443 3681 sarid.

227 3712 239 3745 ⁵
250 3715 402 3774 intendisse,
414 3722 437 3761 to
448 3713 508 3764 lave
519 3713 578 3763 slot.

228 3795 239 3828 ⁰
251 3802 342 3845 nostra
353 3796 474 3857 conubia,
483 3797 513 3862 by
525 3796 644 3861 inserence
656 3797 775 3860 referring)
788 3804 810 3844 to
823 3795 921 3845 Helen'a
938 3794 1067 3858 elopement
1078 3794 1134 3844 witi
1150 3796 1235 3846 Paris.
