2817 4300
561 365 727 429 vnncm's
751 383 883 430 munio.
1185 365 1247 430 135

271 553 468 612 tollentemve
482 570 591 610 manus
605 570 754 610 saxumve
769 553 900 610 immane
914 558 1108 623 moventem

270 668 371 726 genua
385 651 502 720 labant,
519 650 639 726 gelidus
653 650 811 708 concrevit
825 651 939 725 frigore
954 651 1090 727 sanguis.
1189 659 1247 709 905

270 749 349 804 Tum
363 748 443 823 lapis
458 749 523 822 ipse
538 747 607 818 viri,
624 766 756 806 vacuum
770 766 824 823 per
838 749 928 806 inane
943 749 1077 820 volutus,

271 863 327 903 nec
341 845 475 919 spatium
490 846 589 904 evasit
603 850 702 902 totum
719 863 816 919 neque
833 845 958 920 pertulit
971 846 1075 903 ictum.

471 1043 593 1100 Turnus
606 1050 668 1100 acte
682 1061 719 1100 aa
733 1044 765 1116 is
781 1045 813 1099 in
827 1061 848 1100 a
861 1044 977 1100 dream.

270 1168 320 1226 Ac
333 1168 418 1226 velut
432 1168 464 1224 in
479 1167 606 1237 somnis,
623 1167 729 1224 oculos
745 1167 797 1222 ubi
811 1165 956 1243 languida
971 1169 1083 1241 pressit

271 1271 361 1323 nocte
375 1265 474 1339 quies,
491 1265 674 1339 nequiquam
689 1264 797 1322 avidos
813 1265 979 1322 extendere
994 1283 1100 1322 cursus

272 1363 349 1421 velle
364 1364 503 1422 videmur
517 1370 549 1420 et
563 1362 594 1418 in
609 1362 717 1419 mediis
731 1361 893 1420 conatibus
908 1363 991 1437 aegri

271 1461 468 1531 succidimus,
484 1478 545 1518 non
560 1460 665 1536 lingua
679 1460 773 1530 valet,
790 1477 852 1517 non
867 1478 993 1534 corpore
1009 1466 1100 1518 notae

272 1559 425 1616 sufficiunt
439 1559 532 1627 vires,
549 1574 605 1615 nec
620 1575 683 1616 vox
698 1564 752 1615 aut
765 1557 859 1615 verba
874 1565 1059 1631 sequuntur:

272 1656 318 1713 sic
331 1656 447 1725 Turno,
463 1672 653 1730 quacumque
669 1656 750 1713 viam
765 1655 878 1713 virtute
893 1657 1012 1729 petivit,

272 1771 449 1812 successum
463 1755 522 1810 dea
537 1753 603 1810 dira
617 1758 721 1828 negat.
765 1752 844 1809 Turn
860 1758 982 1826 pectore
997 1771 1107 1810 sensus

273 1856 433 1909 vertuntur
447 1850 533 1908 varii.
578 1850 708 1907 Rutulos
723 1854 864 1934 aspectqt
878 1831 910 1907 et
924 1850 1029 1906 urbem
1190 1858 1249 1908 915

272 1954 492 2022 cunctaturque
508 1953 591 2005 metu
605 1947 759 2021 letumque
775 1947 889 2005 instare
905 1948 1077 2014 tremescit;

273 2063 330 2103 nec
344 2063 405 2119 quo
420 2064 452 2103 se
467 2045 589 2120 eripiat,
606 2063 663 2102 nec
676 2062 737 2118 qua
751 2045 783 2102 vi
797 2046 906 2104 tendat
920 2045 951 2102 in
966 2047 1096 2116 hostem,

274 2161 330 2201 nec
344 2161 449 2201 currus
463 2160 594 2217 usquam
608 2141 692 2200 videt
707 2141 882 2217 aurigamve
897 2161 1042 2200 sororem.

273 2239 439 2298 Cunctanti
454 2240 549 2298 telum
563 2241 688 2298 Aeneas
703 2239 799 2297 fatale
814 2246 965 2311 coruscat,

273 2338 400 2395 sortitus
415 2338 571 2395 fortunam
585 2334 709 2407 1oculis,
726 2342 758 2395 et
771 2354 897 2411 corpore
912 2343 979 2395 toto

273 2435 391 2493 eminus
405 2435 571 2509 intorquet.
614 2431 744 2492 ²Murali
758 2434 880 2492 concita
895 2452 1059 2509 numquam

272 2539 425 2590 tormento
440 2532 484 2589 sic
499 2550 577 2589 saxa
591 2532 738 2601 fremunt,
756 2550 812 2589 nec
828 2531 955 2589 fulmine
970 2533 1048 2591 tanti

272 2629 438 2687 dissultant
453 2630 598 2704 crepitus.
641 2629 746 2699 Volat,
763 2628 822 2685 atri
836 2629 967 2686 turbinis
981 2630 1079 2687 instar

272 2726 400 2784 exitium
416 2725 515 2784 dirum
529 2727 619 2783 hasta
633 2728 737 2784 ferens
752 2743 882 2801 orasque
896 2726 1026 2784 recludit

207 2806 216 2813 ’
270 2821 400 2882 ⁸loricae
415 2830 446 2881 et
460 2823 549 2899 clipei
564 2829 719 2881 extremos
733 2820 957 2899 ⁴septemplicis
972 2825 1072 2881 orbes.

271 2922 331 2979 Per
345 2922 478 2979 medium
492 2921 625 2979 stridens
640 2921 752 2978 transit
766 2923 873 2979 femur.
918 2922 1032 2980 Incidit
1046 2923 1124 2980 ictus

272 3020 380 3096 ingens
395 3020 435 3076 ad
449 3024 562 3075 terram
574 3016 747 3092 ⁶duplicato
762 3019 877 3093 poplite
892 3019 1024 3076 Turnus

241 3219 251 3253 ¹
264 3222 372 3271 sortitus
383 3221 521 3271 fortunam
534 3221 626 3270 oculis.
661 3220 740 3269 Hunc
752 3220 840 3269 locum
853 3220 886 3269 ed
898 3220 1048 3270 feriendum
1066 3222 1149 3271 oculis
1167 3222 1248 3284 elegit

197 3304 311 3363 Aeneas,
320 3319 397 3365 quem
410 3304 519 3353 fortuna
531 3304 711 3353 destinaverat
723 3303 834 3352 vulneri.
842 3330 875 3338 —
886 3303 1016 3353 Snnvrus.
1046 3303 1101 3352 Alii
1112 3303 1248 3353 fortunam

196 3376 422 3449 exponuntsiorte
435 3387 553 3435 oblatam
564 3386 676 3435 feriendi
688 3386 922 3447 opportunitatem.
930 3386 1138 3435 -Trunnauu

239 3469 359 3519 ²murali
370 3476 510 3529 tormento,
522 3486 554 3517 aa
566 3469 650 3533 enpine
659 3468 706 3533 sor
723 3466 838 3532 tlrowiny
854 3476 932 3517 aiones
949 3484 976 3516 or
987 3468 1106 3533 baderiny
1123 3467 1193 3517 down
1211 3468 1248 3519 lte

195 3552 245 3617 city
258 3551 326 3601 rcalle
337 3554 363 3601 in
375 3570 392 3600 a
403 3552 474 3618 ricpe.

238 3634 250 3667 ⁸
261 3636 367 3695 loricae,
379 3636 480 3685 cairan.

238 3717 447 3781 *septemplicia
459 3719 491 3783 os
501 3734 570 3768 recen
580 3715 661 3781 solda.

238 3798 250 3833 ⁶
261 3800 397 3863 duplicato
409 3801 509 3863 poplite
520 3822 545 3845 =
558 3800 655 3850 inflexo
667 3814 744 3863 genu.
753 3825 785 3835 -
793 3798 903 3847 Hnrrn.
