2817 4300
522 396 689 457 vaaom's
712 411 847 458 manin.
1171 399 1212 468 75

203 607 265 664 'lhe
274 608 347 682 pleu
361 608 400 680 of
407 607 564 680 Euryalus
577 609 633 681 for
646 607 694 664 his
709 607 833 680 mother,
849 610 912 666 aad
931 609 977 667 the
992 615 1126 686 promise
1140 615 1179 686 os

603 703 767 762 Asconius.

234 818 405 894 Euryalus:
430 819 501 875 ‘Me
516 818 600 875 nulla
614 819 680 875 dies
694 825 758 876 tam
773 820 905 877 fortibus
920 821 1004 878 ausis

234 916 413 972 dissimilem
428 916 580 992 arguerit;
602 921 734 986 tantum,
752 917 878 974 fortuna
892 919 1027 976 secunda

234 1018 289 1070 aut
303 1014 432 1070 adversa
447 1013 548 1070 eadat.
593 1011 654 1071 Sed
669 1021 699 1071 te
715 1015 923 1088 superomnia
938 1016 1020 1074 dona

235 1128 327 1166 unum
342 1129 409 1177 oro,
425 1110 566 1186 genetrix
581 1111 693 1168 Priami
708 1112 746 1168 de
761 1117 852 1188 gente
868 1118 991 1171 vetusta

234 1214 283 1265 est
296 1208 380 1279 mihi,
396 1226 487 1282 quarn
503 1208 644 1264 miseram
659 1209 759 1266 tenuit
775 1227 835 1266 non
851 1209 909 1266 Ilia
924 1209 1013 1268 tellus
1152 1220 1210 1272 285

235 1324 352 1363 mecum
368 1306 578 1376 excedentem,
595 1324 656 1363 non
671 1307 792 1364 moenia
806 1307 888 1382 regis
902 1308 1047 1367 Acestae.

235 1404 325 1460 Hanc
340 1421 397 1479 ego
412 1421 493 1460 nunc
507 1403 645 1478 ignaram
659 1404 749 1460 huius
764 1405 976 1478 quodcumque
991 1406 1096 1480 pericli
1111 1411 1159 1464 est

235 1497 340 1573 ¹inque
355 1500 520 1566 salutatam
533 1501 656 1574 linquo:
679 1520 742 1558 nox
758 1508 789 1558 et
804 1507 857 1558 tua
871 1503 960 1560 testis

235 1599 373 1668 dextera,
390 1599 472 1672 quod
486 1596 651 1672 ²nequeam
666 1598 818 1656 lacrumas
834 1601 970 1674 perferre
986 1601 1121 1674 parentis

235 1702 268 1752 at
282 1701 326 1764 tu,
342 1714 407 1766 ore,
425 1696 523 1754 solare
539 1697 661 1770 inopem
675 1703 707 1754 et
722 1714 863 1754 succurre
878 1697 1012 1755 relictae.
1153 1705 1212 1757 290

235 1793 325 1850 Hanc
339 1790 421 1850 ³sine
436 1811 484 1850 me
499 1811 585 1868 spem
600 1794 680 1850 ferre
695 1793 758 1851 tui:
782 1794 942 1851 audentior
957 1795 1008 1852 ibo

235 1884 266 1940 in
281 1902 371 1941 casus
386 1884 508 1941 omnis.’
549 1886 701 1942 Percussa
715 1891 816 1942 mente
832 1885 943 1942 dedere

235 1981 433 2039 Dardanidae
447 1982 608 2051 lacrimas3
631 1988 702 2039 ante
718 1983 818 2039 omnis
833 1983 958 2056 pulcher
969 1982 1066 2053 Iulus,

237 2084 326 2153 atque
342 2079 475 2136 animum
490 2080 608 2156 patriae
623 2080 749 2137 strinxit
765 2080 888 2155 pietatis
903 2080 1015 2157 imago.

236 2178 314 2234 Tum
330 2178 374 2235 sic
389 2180 518 2235 effatur:
1155 2185 1212 2237 295

235 2272 396 2348 ⁴‘Sp0nde
411 2276 505 2351 digna
519 2276 581 2333 tuis
596 2276 771 2352 ingentibus
786 2275 890 2332 omnia
904 2274 1033 2349 coeptis.

237 2373 378 2446 Namque
393 2374 451 2430 erit
464 2372 524 2430 ista
538 2374 610 2430 mihi
624 2373 765 2449 genetrix
781 2390 952 2445 nomenque
967 2371 1100 2430 Creusae

238 2470 335 2527 solum
351 2470 491 2541 defuerit,
508 2488 564 2529 nec
578 2468 713 2545 ⁵partum
729 2470 829 2547 gratia
844 2469 936 2526 talem
997 2509 998 2513 ,

237 2586 332 2642 parva
346 2573 460 2625 manet.
504 2566 603 2625 Casus
618 2569 737 2625 factum
752 2568 932 2641 quicumque
948 2574 1124 2641 sequentur,

237 2683 292 2739 per
306 2671 399 2739 caput
414 2666 561 2733 boeium,
579 2684 633 2739 per
647 2666 728 2739 quod
744 2672 833 2739 pater
848 2670 928 2721 ante·
935 2664 1073 2724 solebat:
1157 2671 1215 2722 300

238 2780 315 2836 quae
330 2764 387 2820 tibi
401 2764 546 2837 polliceor
561 2763 829 2837 reduci-rebusque
845 2762 999 2832 secundis,

238 2862 312 2918 haec
327 2862 433 2919 eadem
447 2862 596 2936 matrique
611 2867 682 2917 tuae
697 2862 861 2936 generique
877 2860 1066 2918 manebunt.’

238 2957 289 3016 Sic
304 2960 347 3015 ait
361 2959 575 3023 inlacrimans;
599 2976 702 3015 umero
718 2958 807 3015 simul
822 2959 909 3015 exuit
924 2975 1028 3015 ensem

238 3062 387 3126 auratum,
405 3057 481 3113 mira
495 3074 586 3129 quem
600 3058 719 3114 fecerat
733 3064 798 3113 arte
815 3056 937 3130 Lycaon

238 3152 374 3211 Gnosius
389 3161 479 3226 atque
493 3150 641 3211 “habilem
657 3154 771 3229 vagina
786 3158 908 3228 aptarat
922 3153 1046 3209 eburna.
1158 3157 1215 3207 305

237 3250 301 3308 Dat
315 3251 393 3308 Niso
407 3251 590 3308 Mnestheus
606 3251 716 3325 pellem
730 3250 942 3323 horrentisque
957 3249 1053 3306 leonis

198 3412 205 3441 ¹
218 3414 296 3477 inque
309 3415 452 3463 salutatam
465 3436 489 3456 =
502 3413 728 3475 insalutatamque
743 3412 867 3473 (tmesis).

196 3494 208 3527 ²
219 3511 356 3560 nequeam,
368 3495 387 3544 I
396 3494 481 3544 should
493 3496 518 3543 he
531 3493 622 3543 rinahle.

197 3577 208 3610 ⁸
220 3580 283 3638 sine,
296 3579 437 3643 imperative
449 3578 527 3628 meod.

196 3659 208 3693 4
220 3662 328 3723 sponde,
337 3661 393 3724 pice
405 3660 661 3725 yourselfussuruuce.

196 3741 208 3775 ⁶
220 3751 324 3805 partum
335 3767 359 3786 =
369 3744 440 3805 quod
452 3744 532 3792 talem
544 3744 628 3792 fllium
641 3744 752 3805 peperit.
760 3742 910 3791 -Haruu

196 3824 208 3857 ⁶
220 3826 335 3875 habilem
345 3861 367 3874 ..
378 3827 500 3885 .eburn0,
508 3824 620 3890 “Fittiuq
627 3826 647 3873 il
654 3824 737 3873 williel
744 3826 767 3874 iu
777 3825 845 3889 {torp
854 3822 974 3872 scuhhurd
982 3822 1091 3871 meet.''-
1099 3822 1217 3870 Mortuis.
