2817 4300
540 359 660 406 SHORT
682 357 882 406 nxrnAors.

262 533 421 605 pastorum
435 533 467 587 et
481 528 555 586 solis
570 530 674 605 exegit
688 528 842 586 montibus
858 545 976 586 aevom.

263 627 323 684 Hic
337 635 442 682 natam
453 627 484 683 in
499 627 598 683 dumis
613 627 752 700 interque
767 626 922 684 horrentia
936 625 1034 684 lustra

263 723 439 781 armentalis
454 741 549 797 equae
565 724 703 781 mammis
718 729 751 782 et
764 723 843 782 lacte
858 724 955 782 ferino

263 821 411 890 nutribat,
429 821 541 878 teneris
556 821 738 897 immulgens
752 822 847 878 ubera
861 821 966 878 labris.

264 919 365 992 thue
379 919 492 991 pedum
505 918 611 991 primis
627 918 731 975 infans
747 918 878 994 vestigia
891 918 1006 992 plantis

264 1017 428 1085 institerat,
445 1015 544 1072 iaculo
557 1015 675 1089 palmas
691 1016 821 1074 armavit
835 1021 926 1074 acuto

264 1113 439 1188 spiculaque
454 1131 494 1170 ex
508 1131 613 1170 umero
626 1130 740 1187 parvae
755 1113 915 1186 suspendit
929 1119 960 1170 et
974 1130 1088 1171 arcum.

263 1212 323 1268 Pro
338 1210 444 1268 crinali
459 1229 544 1280 auro,
560 1228 617 1284 pro
631 1211 741 1286 longae
757 1210 890 1286 tegmine
904 1196 1004 1284 pallae

264 1309 383 1385 tigridis
399 1309 528 1365 exuviae
542 1326 597 1382 per
611 1308 736 1365 dorsum
751 1326 769 1364 a
784 1307 896 1365 vertice
910 1309 1055 1382 pendent.

264 1407 339 1463 Tela
354 1424 445 1462 manu
461 1406 521 1462 iam
537 1412 601 1463 tum
616 1411 722 1462 tenera
736 1404 863 1478 puerilia
878 1406 968 1463 torsit

265 1509 297 1562 et
310 1504 438 1560 fundam
453 1502 543 1561 tereti
557 1503 671 1561 circum
685 1508 778 1576 caput
793 1503 856 1578 egit
870 1503 990 1560 habena

265 1601 529 1677 Strymoniamque
544 1618 650 1676 gruem
665 1605 719 1657 aut
733 1599 835 1657 album
850 1600 960 1658 deiecit
974 1600 1099 1658 olorem.

265 1699 383 1756 Multae
398 1699 481 1755 illam
496 1700 611 1755 frustra
625 1699 785 1774 Tyrrhena
799 1715 853 1771 per
867 1697 980 1770 oppida
994 1703 1108 1755 matres

265 1802 411 1871 optavere
426 1814 553 1852 nurum:
577 1795 644 1852 sola
658 1800 803 1852 contenta
818 1795 919 1852 Diana
1048 1781 1051 1786 ¹

266 1899 423 1951 aeternum
437 1893 567 1950 telorum
581 1899 613 1950 et
627 1893 813 1968 virginitatis
829 1910 962 1950 amorem

266 1991 447 2049 intemerata
461 1990 544 2048 colit.
591 1990 743 2047 “Vellem
757 1991 838 2047 haud
853 1999 993 2063 correpta
1008 1989 1120 2047 fuisset

267 2088 374 2146 militia
388 2089 455 2160 tali,
472 2094 583 2146 conata
596 2088 748 2146 lacessere
763 2088 916 2144 Teucros:

267 2206 339 2245 cara
353 2187 425 2243 mihi
440 2187 643 2260 comitumque
658 2188 740 2243 foret
755 2203 835 2243 nunc
849 2203 910 2241 una
925 2203 1069 2243 mearum.

266 2285 380 2342 Verum
395 2302 464 2359 age,
481 2284 728 2357 quandoquidem
744 2283 819 2340 fatis
835 2288 959 2359 urgetur
972 2282 1102 2352 acerbis,

268 2382 370 2452 abere,
387 2382 532 2457 nympha,
549 2380 621 2455 polo
634 2381 764 2453 finisque
780 2380 877 2437 invise
893 2380 1031 2449 Latinos,

269 2480 364 2537 tristis
379 2480 431 2536 ubi
446 2480 584 2535 infausto
599 2478 798 2535 committitur
812 2477 911 2534 omine
927 2478 1040 2552 pugna.

268 2578 355 2635 Haec
366 2595 441 2651 cape
456 2581 488 2633 et
502 2576 639 2633 ultricem
655 2577 799 2650 pharetra
814 2576 957 2648 deprome
972 2574 1135 2649 sagittam:

268 2675 325 2732 hac
339 2675 520 2748 quicumque
535 2691 655 2731 sacrum
669 2672 792 2731 violarit
806 2672 930 2729 volnere
945 2689 1066 2744 corpus,

268 2774 347 2830 Tros
362 2772 532 2846 Italusque,
548 2772 622 2829 mihi
636 2771 751 2846 pariter
766 2771 819 2827 det
833 2770 981 2845 sanguine
997 2786 1123 2842 poenas.

268 2871 345 2927 Post
358 2888 416 2947 ego
431 2871 510 2927 nube
526 2888 603 2927 cava
616 2868 808 2925 miserandae
824 2884 933 2940 corpus
948 2872 979 2923 et
994 2884 1078 2923 arma

269 2948 434 3042 inspoliata
448 2970 547 3024 ieram
561 2967 679 3024 tumulo
694 2965 871 3039 patriaeque
886 2962 1063 3037 reponam.'’

266 3065 376 3132 Dixit;
399 3070 433 3123 at
446 3065 499 3121 illa
512 3064 589 3122 levis
605 3063 681 3121 caeli
696 3062 823 3135 delapsa
838 3079 892 3135 per
907 3077 996 3117 auras

270 3162 416 3233 insonuit,
433 3163 520 3239 nigro
535 3157 724 3220 circumdata
738 3158 858 3215 turbine
874 3174 994 3231 corpus

517 3409 584 3463 121.
628 3407 736 3463 Aucus
759 3404 916 3460 Mnacrus.

230 3556 355 3613 Mortuo
376 3555 477 3625 Tullo,
493 3572 554 3624 res,
571 3560 606 3611 ut
627 3554 800 3610 institutum
818 3554 882 3625 jam
904 3550 975 3607 inde
997 3549 1036 3607 ab
1053 3548 1139 3605 initio
1162 3553 1238 3618 erat,

191 3654 230 3710 ad
253 3653 361 3709 Patres
386 3652 536 3710 redierat:
566 3652 656 3724 hique
681 3652 862 3724 interregem
886 3646 1128 3705 nominaverant.
1174 3645 1241 3717 Quo

190 3750 314 3808 comitia
338 3751 482 3819 habente,
507 3751 628 3807 Ancum
650 3748 802 3805 Marcium
826 3763 929 3821 regem
954 3745 1084 3819 populus
1107 3745 1240 3801 creavit:
