2817 4300
529 379 649 426 snonr
671 377 870 424 nxrnscrs.
1161 358 1224 444 203

171 543 280 600 eduxit
297 544 553 620 barbarorumque
574 548 740 604 maximam
755 547 817 604 vim
840 563 900 602 uno
919 563 1069 605 concursu
1089 552 1223 620 prostra-

171 643 227 700 vit.
272 641 340 715 Qua
354 644 483 701 victoria
498 663 610 720 magna
624 647 740 720 praeda
755 644 870 718 potitus
889 661 958 702 cum
979 643 1102 700 domum
1123 661 1223 702 rever·

171 744 297 810 teretur,
327 740 410 813 quod
437 741 500 814 jam
530 742 693 800 nonnullae
727 741 844 798 insulae
872 746 997 814 propter
1025 740 1223 799 acerbitatem

171 837 290 911 imperii
312 837 500 907 deiecerant,
517 839 595 896 hene
617 839 770 896 animatas
792 838 994 906 confirmavit,
1012 837 1162 895 alienatas
1183 840 1223 895 ad

171 935 302 992 officium
324 935 422 992 redire
444 937 554 1012 coegit.
600 936 740 1013 Scyrum,
757 954 849 1009 qnam
871 953 907 992 eo
928 940 1064 1009 tempore
1086 935 1223 1010 Dolopes

171 1032 357 1100 incolebant,
374 1033 457 1106 quod
478 1035 685 1090 contumacius
708 1052 741 1091 se
762 1038 935 1109 gesserant,
952 1033 1135 1102 vacuefecit,
1159 1051 1223 1090 ses-

170 1146 257 1185 sores
281 1135 402 1186 veteres
425 1131 501 1187 urbe
529 1131 687 1204 insulaque
713 1131 816 1204 ejecit,
843 1147 933 1206 agros
961 1129 1079 1188 civibus
1104 1130 1220 1187 divisit.

170 1221 302 1283 Thasios¹
317 1227 475 1300 opulentia
489 1229 587 1285 fretos
603 1246 658 1285 suo
673 1229 809 1285 adventu
826 1227 930 1304 fregit.
974 1227 1035 1283 His
1056 1245 1095 1285 ex
1117 1245 1223 1284 manu-

171 1323 229 1378 biis
244 1341 301 1379 arx
315 1323 519 1393 Athenarum,
536 1342 597 1398 qna
611 1326 650 1382 ad
665 1326 823 1382 meridiem
837 1326 947 1401 vergit,
964 1331 1013 1382 est
1026 1331 1145 1382 ornata.

211 1419 328 1492 Quibus
343 1421 435 1477 rebus
450 1439 517 1478 cnm
534 1441 611 1479 nnus
626 1423 658 1480 in
673 1422 798 1480 civitate
814 1424 946 1480 maxime
967 1423 1098 1490 floreret,
1116 1422 1223 1480 incidit

170 1517 202 1573 in
216 1517 345 1574 eandem
359 1517 505 1575 invidiam
521 1537 611 1593 quam
627 1526 714 1594 pater
729 1538 803 1578 suus
818 1521 971 1593 ceterique
986 1520 1221 1577 Atheniensium

169 1614 342 1688 principes:
375 1633 447 1672 nam
476 1621 625 1674 testarum
653 1617 820 1692 suffragiis,
848 1618 929 1690 quod
957 1617 1000 1673 illi
1032 1616 1222 1692 ὀστρακισμόν

170 1716 293 1775 vocant,
316 1712 424 1769 decern
445 1730 592 1782 annorum
614 1713 725 1770 exsilio
748 1713 894 1771 multatus
916 1719 974 1771 est.
1026 1712 1123 1786 Cujus
1145 1714 1222 1771 facti

169 1808 297 1864 celerius
317 1808 527 1866 Athenienses
541 1827 631 1883 quam
652 1811 751 1884 ipsum
774 1811 934 1885 paenituit.
979 1811 1060 1866 Nam
1082 1828 1150 1868 curn
1172 1790 1250 1868 irle'

169 1905 272 1962 animo
294 1906 369 1962 forti
391 1906 524 1964 invidiae
541 1907 727 1982 ingratorum
750 1908 861 1965 civium
883 1907 1028 1965 cessisset
1049 1907 1221 1980 bellumque

170 2003 405 2060 Lacedaemonii
433 2004 677 2061 Atheniensibus
709 2005 905 2075 indixissent,
937 2005 1101 2062 confestim
1130 2011 1220 2062 notae

168 2101 236 2174 ejus
249 2099 374 2158 virtutis
388 2101 573 2159 desiderium
588 2110 784 2160 consecutum
801 2107 856 2160 est.
899 2102 1008 2176 Itaque
1022 2107 1094 2177 post
1108 2120 1220 2159 annum

168 2194 319 2270 quintum,
346 2216 439 2272 quam
467 2200 615 2273 expulsus
644 2205 721 2269 erat,
752 2200 783 2256 in
812 2200 941 2274 patriam
969 2205 1131 2258 revocatus
1160 2206 1218 2257 est.

169 2294 236 2364 llle,
253 2295 336 2367 quod
350 2296 483 2369 hospitio
498 2297 810 2355 Lacedaemoniorum
824 2298 977 2366 utebatur,
995 2298 1092 2355 satius
1114 2298 1220 2355 existi-

168 2410 256 2448 mans
271 2394 439 2450 concedere
453 2411 544 2467 quarn
566 2395 658 2451 armis
674 2395 871 2464 contendere,
887 2395 1150 2452 Lacedaemonem
1165 2412 1221 2451 sua

168 2495 279 2563 sponte
295 2496 343 2547 est
357 2492 514 2564 profectus
528 2509 695 2565 pacemque
710 2491 790 2548 inter
803 2492 881 2548 duas
903 2492 1133 2565 potentissimas
1148 2492 1221 2549 civi·

167 2591 248 2644 tates
281 2587 466 2645 conciliavit.
523 2590 610 2654 Post,
641 2606 740 2663 neque
772 2588 815 2645 ita
847 2588 953 2659 mult0,
985 2588 1120 2674 Cyprum
1151 2606 1220 2646 curn

168 2684 309 2741 ducentis
321 2685 452 2741 navibus
467 2685 632 2759 imperator
642 2686 765 2755 missus,
779 2703 848 2743 cum
860 2688 925 2759 ejus
938 2688 1087 2759 majorem
1101 2692 1220 2759 partem

168 2782 287 2839 insulae
302 2781 479 2852 devicisset,
497 2782 527 2837 in
548 2783 687 2839 morbum
710 2782 875 2856 implicitus
891 2783 922 2839 iu
937 2783 1051 2857 oppido
1070 2782 1151 2841 Citio
1173 2789 1221 2841 est

168 2884 317 2937 mortuus.

167 2971 169 2976 ’
209 2977 300 3033 Hunc
314 2976 521 3033 Athenienses
542 2994 602 3033 non
623 2976 722 3033 solum
743 2977 774 3032 in
796 2977 888 3048 bello,
906 2978 958 3034 sed
979 2977 1070 3034 ctiam
1092 2978 1123 3033 in
1145 2996 1219 3053 pace

168 3074 221 3131 diu
236 3073 497 3130 desideraverunt.
541 3073 613 3130 Fuit
634 3074 716 3130 enim
737 3079 824 3131 tanta
845 3074 1039 3144 liberalitate,
1056 3092 1125 3132 cum
1139 3092 1220 3132 corn-

169 3170 307 3245 pluribus
328 3169 403 3227 locis
424 3170 551 3244 praedia
572 3171 737 3245 hortosque
755 3171 891 3241 haberet,
909 3177 944 3228 ut
959 3189 1122 3245 numquam
1137 3172 1168 3228 in
1183 3173 1220 3233 iis

169 3268 328 3325 custodem
342 3267 520 3341 imposuerit
534 3268 654 3325 fructus
669 3269 814 3325 servandi
828 3269 937 3344 gratia,
953 3268 1073 3341 nequis
1094 3269 1220 3343 impedi-

168 3370 263 3435 retur,
279 3382 340 3438 quo
359 3366 460 3422 minus
481 3365 525 3421 eis
546 3365 649 3435 rebus,
667 3366 777 3438 quibus
792 3366 920 3440 quisque
935 3366 1037 3436 vellet,
1055 3367 1217 3424 frueretur.

170 3461 298 3536 Semper
316 3480 385 3519 eum
406 3462 565 3537 pedisequi
587 3479 656 3519 cum
677 3463 808 3519 nummis
831 3468 903 3520 sunt
924 3464 1032 3533 secuti,
1050 3468 1093 3533 ut,
1111 3464 1137 3520 si
1152 3464 1219 3537 quis

169 3560 237 3633 opis
252 3561 319 3633 ejus
335 3560 496 3635 indigeret,
513 3560 650 3629 haberet,
664 3561 746 3633 quod
762 3561 866 3617 statim
882 3561 980 3630 daret,
998 3578 1035 3617 ne
1050 3560 1220 3619 differendo

171 3656 324 3714 videretur
348 3675 473 3732 negare.
528 3656 638 3731 Saepe,
665 3675 734 3715 cum
760 3657 888 3730 aliquem
918 3660 1066 3715 offensum
1091 3658 1220 3717 fortuito

170 3753 288 3811 videret
301 3754 402 3811 minus
416 3752 494 3811 bene
505 3753 663 3823 vestitum,
681 3772 768 3812 suum
785 3754 947 3813 amiculum
960 3755 1055 3812 dedit.
1100 3753 1220 3815 Cotidie
