2817 4300
519 398 714 492 ,vnaern’s
737 415 872 462 munio.
1173 402 1235 466 105

260 607 317 647 nec
330 587 404 645 mihi
418 604 513 664 regna
528 591 618 660 peto:
635 585 761 659 paribus
777 603 809 644 se
824 586 944 662 legibus
960 588 1067 644 ambae
1179 596 1235 647 190

260 686 393 742 invictae
405 689 513 759 gentes
529 690 653 739 aeterna
668 683 699 739 in
714 683 841 740 foedera
859 684 993 741 mittant.

260 782 355 840 Sacra
369 783 503 855 deosque
519 781 618 849 dabo;
635 798 722 838 socer
737 799 821 837 arma
836 782 964 838 Latinus
979 783 1102 852 habete,

259 880 418 955 imperium
433 878 579 936 sollemne
594 896 699 946 socer3
716 879 788 934 mihi
804 880 923 935 moenia
937 879 1046 936 Teucri

260 978 458 1046 constituent,
475 976 601 1050 urbique
617 976 704 1033 dabit
719 976 847 1033 Lavinia
861 977 994 1033 nomen'

260 1075 311 1133 Sic
326 1073 408 1148 prior
421 1073 565 1142 Aeneas;
582 1074 718 1147 sequitur
733 1073 777 1130 sic
791 1074 900 1131 deinde
916 1073 1043 1131 Latinus
1178 1083 1234 1132 195

260 1171 429 1245 suspiciens
444 1170 561 1228 caelum
575 1171 733 1244 tenditque
749 1170 788 1226 ad
804 1171 904 1227 sidera
919 1171 1078 1228 dextram:

518 1333 578 1388 The
592 1350 709 1406 prayer
723 1334 760 1405 os
769 1333 910 1389 Latinus.

269 1448 375 1506 ‘Haec
389 1447 507 1517 eadem,
523 1446 643 1516 Aenea,
660 1451 783 1516 terram,
800 1463 894 1515 mare,
911 1447 1012 1504 sidera
1026 1448 1091 1504 iuro

260 1545 457 1618 Latonaeque
472 1562 569 1620 genus
585 1543 700 1617 duplex
716 1543 884 1616 Ianumque
899 1543 1064 1600 bifrontem

261 1642 380 1714 vimque
395 1642 485 1698 deum
500 1641 653 1698 infernam
668 1645 699 1697 et
713 1640 780 1697 duri
796 1640 930 1696 sacraria
945 1641 1026 1697 Ditis
1039 1659 1045 1709 ;

262 1739 365 1795 audiat
378 1739 454 1795 haec
467 1739 598 1814 genitor,
615 1738 667 1812 qui
682 1738 809 1794 foedera
824 1737 951 1794 fulmine
967 1739 1076 1794 sancit.
1178 1746 1236 1797 200

260 1817 368 1911 Tango
384 1852 464 1904 aras,
481 1836 597 1892 medios
612 1835 692 1911 ignis
708 1840 739 1891 et
754 1834 878 1890 numina
892 1840 1007 1891 testor:

262 1932 343 1989 nulla
357 1932 422 1989 dics
438 1950 544 2006 pacem
558 1933 636 1989 hanc
651 1931 740 1989 italis
756 1950 811 1989 nec
826 1932 952 1988 foedera
966 1938 1096 2006 rumpet,

260 2025 336 2102 1quo
349 2048 398 2086 res
413 2046 540 2102 cumque
556 2030 685 2098 cadent3
702 2047 758 2086 nec
772 2025 836 2086 ²me
851 2029 898 2086 vis
914 2029 974 2085 ulla
988 2030 1144 2086 volentem

260 2132 388 2197 avertet,
403 2144 474 2199 non,
492 2127 518 2184 si
533 2126 671 2184 tellurem
686 2127 823 2184 effundat
838 2126 868 2183 in
883 2128 981 2185 undas

259 2222 390 2281 ³diluvio
403 2222 554 2282 ⁴miscens
567 2221 761 2299 ⁵caelumque
777 2225 808 2281 in
823 2225 953 2282 Tartara
968 2226 1086 2295 solvat;
1178 2233 1236 2283 205

260 2327 295 2379 ut
309 2328 462 2396 sceptrum
476 2322 551 2379 hoc'
571 2322 697 2398 (dextra
712 2327 865 2396 sceptrum
879 2340 950 2379 nam
965 2324 1046 2379 forte
1061 2323 1202 2398 gerebat)

261 2424 444 2492 ‘numquam
460 2419 567 2475 fronde
581 2418 642 2475 levi
655 2415 783 2476 lfunclet
796 2419 928 2495 virgulta
943 2438 998 2477 nec
1013 2421 1147 2487 umbrae,

260 2534 327 2573 curn
342 2517 436 2573 semel
450 2516 481 2572 in
497 2516 582 2573 silvis
598 2516 661 2573 imo
675 2516 713 2573 de
729 2516 823 2590 stirpe
838 2517 968 2573 recisum

259 2619 356 2671 matre
372 2619 457 2671 caret
471 2613 633 2687 posuitque
648 2630 751 2670 comas
767 2618 798 2669 et
812 2613 955 2671 bracchia
970 2615 1063 2684 ferro,

259 2708 346 2767 lolim
362 2712 464 2782 arbos,
480 2708 576 2767 ⁷nunc
592 2710 716 2767 artificis
732 2728 839 2767 manus
854 2729 923 2769 aere
945 2712 1055 2769 decoro
1179 2718 1237 2769 210

259 2808 383 2866 inclusit
396 2808 595 2882 patribusque
611 2807 696 2864 dedit
710 2815 832 2882 gestare
848 2808 987 2864 Latinis!

259 2905 386 2962 Talibus
401 2906 480 2962 inter
495 2923 528 2961 se
542 2905 707 2961 firmabant
721 2904 847 2961 foedera
862 2906 952 2963 dictis

260 3008 426 3077 conspectu
441 3003 472 3058 in
486 3002 587 3059 medio
601 3019 770 3075 procerum.
814 3002 893 3057 Tum
907 3003 963 3059 rite
980 3009 1116 3060 sacratas

229 3162 238 3195 ¹
251 3180 303 3225 quo
314 3180 356 3214 res
368 3179 482 3226 cumque
494 3164 597 3223 cadent,
609 3162 728 3211 whatever
740 3162 776 3209 tlte
789 3170 862 3209 event.

229 3244 293 3297 ²me
306 3284 312 3297 .
326 3284 331 3296 .
346 3286 351 3298 .
365 3248 512 3296 volentem:
531 3263 575 3307 me,
587 3247 619 3309 of
630 3262 669 3310 ray
681 3262 732 3293 own
743 3246 800 3309 free
812 3243 868 3304 wttt,
881 3244 936 3293 with
949 3262 984 3293 me
997 3262 1026 3293 as
1043 3245 1079 3293 tle
1091 3262 1169 3292 cause.

229 3326 351 3378 ⁸diluvio
367 3331 439 3393 (noun
452 3329 477 3377 r'n
489 3344 550 3377 nom.
562 3329 639 3392 case),
650 3345 667 3375 u
678 3326 758 3391 stood.

229 3410 313 3471 4n0n,
327 3412 368 3461 si.
381 3448 387 3459 .
401 3447 406 3458 .
418 3411 532 3460 miscens
544 3432 568 3453 =
582 3415 665 3469 “nou,
678 3410 700 3457 si
713 3416 783 3458 terra
795 3409 861 3457 mari
874 3409 1053 3457 miscebitur?

229 3491 304 3543 ⁵non
323 3494 345 3543 si
363 3530 368 3540 .
388 3530 393 3541 .
413 3531 418 3544 .
436 3494 557 3553 miscens,
575 3493 731 3554 caelumque
750 3528 755 3539 .
775 3527 781 3539 .
800 3528 805 3539 .
824 3492 919 3540 solvat.
962 3489 1050 3556 Heyae
1071 3490 1152 3539 mulces
1175 3491 1237 3540 these

185 3574 279 3625 clauses
290 3575 425 3641 equivalent
437 3584 474 3624 to:
487 3591 549 3634 nou,
563 3576 585 3623 si
597 3576 637 3623 vis
649 3575 705 3623 ulla
717 3576 834 3633 Terram,
845 3574 927 3634 Mare,
937 3574 1041 3623 caelum
1053 3588 1084 3622 ac
1095 3574 1236 3621 Tartarum

185 3660 303 3709 misceat.

229 3741 240 3775 ⁶
251 3742 360 3792 fundet:
378 3741 441 3791 shall
454 3750 500 3807 put
510 3741 581 3807 fortlt
593 3742 670 3805 twigs,
681 3757 726 3788 nor
739 3739 848 3805 produce
860 3738 952 3790 stade:

229 3824 315 3875 'olim
328 3862 334 3875 .
348 3862 354 3875 .
367 3862 373 3875 .
386 3840 471 3874 nunc:
489 3824 615 3873 introduce
627 3832 740 3887 separate
753 3823 853 3881 clauses,
866 3820 1004 3870 contrasted
1015 3821 1041 3869 in
1053 3821 1116 3868 time.
