2817 4300
178 392 241 455 132
362 405 577 454 ennucrrous
601 404 703 452 raon
728 403 839 450 carru
861 403 1042 452 aurnuns

466 574 588 648 Jupiter
601 580 707 649 prante
721 574 832 634 Juuo'a
845 573 929 630 tutat.

178 699 235 749 830
253 692 316 748 ‘Es
330 708 476 767 germana
490 689 574 746 Iovis
590 688 773 760 Saturnique
789 689 885 744 altera
900 689 1019 762 proles:

250 789 363 845 irarum
377 793 480 845 tantos
495 785 593 842 volvis
609 785 666 841 sub
680 791 804 858 pectore
819 786 939 842 fluctus

249 885 364 942 Verum
379 902 436 960 age
451 888 483 941 et
497 883 651 956 inceptum
667 883 782 938 frustra
797 882 941 940 submitte
958 884 1093 944 furorem

249 983 290 1040 do
304 982 385 1055 quod
400 982 459 1050 vis,
475 984 507 1037 et
520 997 568 1037 me
583 980 743 1052 victusque
759 979 924 1053 volensque
939 982 1072 1040 remitto.

250 1079 427 1138 Sermonem
441 1077 572 1135 Ausonii
587 1077 719 1151 patrium
734 1094 893 1150 moresque
908 1080 1067 1151 tenebunt,

177 1186 234 1236 835
251 1183 343 1251 utque
358 1182 406 1234 est
420 1194 532 1233 nomen
546 1175 622 1243 erit;
645 1175 803 1232 commixti
819 1194 944 1251 corpore
959 1183 1079 1236 tantum

250 1276 411 1332 subsident
424 1274 545 1331 Teucri.
589 1273 709 1330 Morem
725 1273 861 1354 ritusque
876 1293 1031 1332 sacrorum

249 1374 387 1454 adiciam¹
396 1373 567 1445 faciamque
582 1371 681 1429 omnis
695 1389 758 1429 uno
772 1389 824 1429 ore
840 1372 978 1430 Latinos.

249 1472 331 1529 Hinc
345 1489 443 1547 genus
457 1470 598 1527 Ausonio
613 1469 744 1526 mixtum
759 1470 841 1542 quod
856 1471 1004 1545 sanguine
1019 1477 1143 1548 surget„

250 1587 343 1644 supra
358 1569 507 1637 homines,
525 1585 617 1641 supra
632 1567 675 1623 ire
689 1567 765 1624 deos
781 1567 895 1640 pietate
910 1568 1040 1637 videbis,

176 1673 234 1723 840
250 1684 306 1724 nec
320 1685 397 1742 gens
412 1666 474 1722 ulla
488 1671 558 1721 tuos
573 1682 669 1737 aeque
685 1664 852 1722 celebrabit
866 1666 1020 1723 honores'

248 1764 369 1821 Adnuit
382 1763 429 1820 his
444 1764 523 1819 Iuno
538 1767 569 1819 et
583 1768 714 1818 mentem
730 1761 845 1819 laetata
859 1763 991 1820 retorsit.

248 1861 372 1918 Interea
386 1861 509 1918 excedit
523 1858 608 1917 caelo
623 1859 793 1931 nubemque
808 1858 960 1932 relinquit.

328 2024 450 2098 Jupiter
463 2026 551 2081 aenda
566 2040 621 2080 oue
635 2024 673 2096 os
688 2023 735 2079 the
749 2023 860 2079 Furtea
877 2029 906 2079 to
919 2022 1067 2083 «loturae.

288 2139 347 2197 His
362 2139 439 2197 actis
454 2138 537 2196 aliud
551 2138 672 2215 genitor
686 2155 790 2195 seeum
805 2137 869 2211 ipse
884 2137 1002 2197 volutat

248 2238 466 2310 Iuturnamque
481 2242 570 2310 parat
584 2236 690 2293 fratris
706 2235 859 2292 dimittere
874 2236 914 2292 ab
928 2237 1031 2294 armis.

176 2341 233 2392 845
248 2335 401 2392 Dicuntur
415 2334 553 2409 geminae
569 2338 673 2407 pestes
687 2333 868 2408 cognomine
883 2333 988 2403 Dirae,

247 2449 324 2505 quas
340 2436 371 2488 et
384 2432 563 2488 Tartaream
578 2430 652 2487 Nox
666 2429 851 2503 intempesta
865 2430 1043 2506 Megaeram

247 2546 309 2585 uno
323 2529 489 2601 eodemque
504 2528 573 2583 tulit
588 2533 677 2601 partu
693 2527 875 2600 paribusque
890 2528 1024 2585 revinxit

248 2631 423 2699 serpentum
437 2622 545 2698 ¹spiris
561 2629 767 2697 ventosasque
782 2624 901 2681 addidit
916 2624 991 2682 alas,

247 2723 316 2779 Hae
331 2722 416 2779 Iovis
431 2723 469 2778 ad
484 2718 621 2791 ²solium‚
638 2722 782 2793 saevique
797 2721 826 2776 in
843 2721 945 2779 limine
960 2724 1041 2799 regis

175 2826 233 2877 850
248 2821 399 2893 adparent
412 2817 599 2891 3acuuntque
614 2824 728 2875 metum
743 2818 921 2876 mortalibus
936 2822 1046 2896 aegris,

248 2918 397 2990 siquando
411 2917 504 2973 letum
519 2916 691 2972 horrificum
706 2916 888 2989 morbosque
903 2918 993 2974 deum
1007 2936 1062 2975 rex

247 3014 369 3071 molitur
383 3014 508 3070 meritas
524 3018 576 3070 aut
590 3012 670 3070 bello
684 3013 806 3069 territat
820 3015 921 3071 urbes

247 3112 366 3168 Harum
380 3130 472 3167 unam
487 3110 612 3168 celerem
629 3109 751 3167 demisit
765 3110 805 3166 ab
820 3112 942 3168 aethere
958 3130 1075 3169 summo

248 3210 386 3284 Iuppiter
400 3209 490 3281 inque
504 3206 610 3265 *omen
625 3208 771 3265 Iuturnae
786 3225 943 3265 occurrere
958 3209 1057 3266 iussit.

174 3314 232 3363 855
248 3306 307 3363 Illa
320 3299 407 3364 'volat
420 3306 571 3378 celerique
586 3307 625 3362 ad
641 3310 751 3362 terram
768 3306 887 3363 turbine
903 3307 1010 3363 fertur.

248 3404 319 3460 Non
336 3422 423 3460 secus
438 3421 475 3460 ae
489 3420 584 3459 nervo
598 3420 652 3476 per
667 3403 779 3459 nubem
794 3402 925 3476 impulsa
939 3404 1063 3477 sagitta,

249 3507 398 3557 armatam
413 3500 498 3556 saevi
511 3500 643 3557 Parthus
657 3516 748 3572 quam
764 3499 836 3555 felle
850 3496 985 3570 ⁵veneni,

218 3648 228 3680 ¹
241 3649 327 3709 spiris,
341 3647 405 3694 coila.
516 3646 642 3705 'solium
654 3645 743 3695 throne.
854 3645 864 3678 3
876 3654 975 3695 acuunt
988 3671 1011 3691 =
1025 3650 1148 3699 excitant.

218 3729 229 3761 ⁴
241 3744 325 3777 omen.
361 3729 398 3776 Ut
408 3729 540 3777 Juturnae
553 3744 629 3776 omen
641 3728 777 3777 fraternae
789 3728 880 3777 mortis
893 3730 1055 3779 efficeret-
1063 3731 1191 3781 Suavrus.

219 3808 230 3842 ⁶
242 3811 315 3859 saevi
326 3810 390 3859 felle
403 3811 505 3868 veneni,
517 3809 573 3859 wia
585 3809 622 3859 tlte
633 3826 727 3858 asenec
739 3809 770 3873 os
781 3809 854 3873 sbarp
869 3811 961 3873 poison.
