2817 4300
550 400 668 446 saoar
691 399 887 446 nxrnacrs
1178 381 1239 444 153

188 586 248 642 que
263 570 431 643 dispositas
445 570 603 639 haberent,
621 577 713 642 atque
728 570 803 626 alios
820 569 871 625 alii
886 569 1029 642 deinceps
1049 567 1238 654 exciperent,

189 667 360 742 integrique
375 673 407 723 et
421 671 559 723 recentes
574 667 753 742 defatigatis
769 667 976 724 succederent.

518 897 567 951 36.
613 896 728 952 Lucms
750 894 912 953 Carrenis.

230 1008 343 1066 Lucius
358 1007 492 1066 Catilina
506 1009 600 1066 nobili
615 1027 726 1084 genere
742 1015 832 1066 natus
848 1009 916 1079 suit,
929 1027 1040 1084 magna
1054 1007 1085 1066 vi
1100 1013 1131 1066 et
1146 1008 1238 1065 animi

189 1111 220 1162 et
231 1106 378 1180 corporis,
392 1107 447 1162 sed
461 1106 584 1181 ingenio
596 1107 676 1163 malo
691 1124 856 1180 pravoque.
888 1107 968 1163 Huic
981 1106 1019 1162 ab
1032 1105 1239 1163 adulescentia

188 1203 270 1261 bella
284 1203 441 1273 intestina,
458 1205 580 1273 caedeS,
597 1204 734 1278 rapinae,
751 1204 903 1262 discordia
918 1203 1015 1261 civilis
1030 1209 1118 1278 grata
1140 1205 1236 1272 lucre,

189 1299 290 1374 ibique
309 1304 500 1375 juventutem
524 1319 610 1357 suam
631 1301 779 1359 exercuit.
824 1299 942 1375 Corpus
963 1301 1084 1375 patiens
1106 1301 1236 1370 inediae,

189 1397 313 1474 algoris,
330 1399 452 1475 vigiliae
467 1417 560 1472 supra
574 1417 664 1472 quarn
679 1400 819 1472 cuiquam
840 1399 983 1456 credibile
1005 1404 1063 1456 est.
1107 1398 1238 1454 Animus

189 1497 303 1566 audax,
317 1497 475 1567 subdolus,
488 1497 601 1565 variuS,
615 1499 703 1570 cujus
718 1497 761 1553 rei
776 1497 862 1554 lubet
876 1496 1034 1554 simulator
1049 1514 1083 1554 ac
1098 1497 1238 1553 dissimu-

188 1594 285 1651 lator:
308 1595 400 1652 alieni
415 1602 575 1669 appetens,
593 1595 639 1652 sui
655 1596 812 1670 profusuS,
830 1597 940 1653 ardens
956 1595 986 1652 in
1005 1595 1236 1669 cupiditatibus:

188 1692 264 1749 satis
280 1692 483 1766 eloquentiae,
500 1694 669 1767 sapientiae
685 1711 810 1767 parum:
833 1699 940 1751 vastus
955 1694 1074 1750 animus
1094 1694 1237 1750 immode-

187 1794 266 1859 rata,
290 1789 491 1859 incredibilia,
514 1791 604 1846 nimis
626 1791 689 1848 alta
711 1809 830 1864 semper
852 1791 1004 1864 cupiebat.
1048 1791 1140 1848 Hunc
1168 1796 1239 1865 post

188 1887 427 1945 dominationem
443 1886 517 1945 Luci
533 1887 634 1945 Sullae
650 1888 755 1945 lubido
769 1906 913 1945 maxuma
929 1889 1083 1946 invaserat
1096 1889 1140 1945 rei
1163 1889 1238 1962 pub·

187 1984 263 2042 licae
286 1986 466 2059 capiundae,
491 2003 587 2058 neque
609 1985 640 2042 id
662 1986 772 2058 quibus
795 1986 893 2043 modis
916 1987 1142 2059 adsequeretur,
1166 1987 1237 2042 dum

188 2083 246 2140 sibi
267 2101 395 2160 regnum
417 2089 549 2158 pararet,
571 2084 733 2158 quicquam
755 2084 843 2159 pensi
864 2084 1007 2140 habebat,
1050 2084 1238 2161 Agitabatur

188 2182 285 2258 magis
300 2182 457 2257 magisque
473 2182 504 2237 in
519 2183 585 2239 dies
600 2183 719 2239 animus
735 2182 824 2239 ferox
840 2182 943 2256 inopia
961 2182 1005 2239 rei
1026 2181 1185 2239 familiaris
1207 2188 1239 2240 et

188 2280 375 2337 conscientia
390 2279 548 2349 scelerum,
566 2297 643 2352 quae
658 2285 786 2352 utraque
808 2280 852 2335 eis
873 2279 990 2336 artibus
1012 2285 1140 2337 auxerat
1161 2297 1238 2353 quas

187 2394 280 2451 supra
308 2377 484 2433 memoravi.
542 2376 720 2433 Incitabant
747 2382 905 2451 praeterea
933 2377 1067 2450 corrupti
1103 2377 1237 2435 civitatis

186 2492 297 2542 moreS,
314 2492 391 2547 quos
406 2492 550 2547 pessuma
565 2490 600 2531 ac
615 2473 738 2530 divorsa
753 2472 832 2529 inter
846 2490 878 2530 se
893 2472 984 2543 mala,
1001 2473 1122 2531 luxuria
1147 2480 1237 2548 atque

187 2571 326 2641 avaritia,
342 2571 510 2629 vexabant.

234 2801 283 2857 37.
321 2800 445 2858 Sarnus
466 2815 567 2856 anans
587 2816 649 2855 rna
671 2799 809 2856 Lnrrnns
830 2816 864 2857 m
883 2816 945 2857 run
966 2800 1129 2857 Pansnnca
1150 2817 1190 2859 or

601 2913 663 2952 rna
685 2895 820 2987 Sauara.

227 3011 304 3067 Post
327 3028 442 3084 pancos
465 3010 543 3080 dies,
567 3010 603 3067 L.
628 3009 757 3068 Saenius
784 3015 908 3067 senator
929 3011 960 3068 in
985 3016 1093 3069 senatu
1117 3010 1237 3068 litteras

188 3107 338 3177 recitavit,
356 3124 432 3180 quas
447 3107 587 3163 Faesulis
601 3107 722 3164 adlatas
742 3107 801 3163 sibi
820 3108 953 3178 dicebat,
971 3108 1002 3164 in
1017 3109 1128 3182 quibus
1143 3109 1237 3183 scrip-

189 3209 254 3259 tum
267 3212 343 3273 erat,
361 3204 396 3262 C.
413 3204 562 3261 Manlium
579 3222 663 3261 arma
682 3204 801 3277 cepisse
823 3222 892 3262 cum
913 3223 1025 3282 magna
1044 3206 1237 3263 multitudine

188 3302 355 3359 antediem
369 3318 414 3357 vr.
431 3302 590 3370 Kalendas
610 3301 807 3359 Novembris.
853 3301 959 3372 Simul,
981 3304 1012 3360 id
1027 3304 1108 3377 quod
1130 3304 1161 3360 in
1183 3304 1237 3361 tali

188 3417 220 3456 re
235 3399 324 3469 solet,
341 3399 392 3455 alii
408 3404 549 3473 portenta
565 3405 656 3473 atque
671 3400 812 3475 prodigia
827 3402 1021 3472 nuntiabant,
1039 3402 1089 3459 alii
1105 3422 1236 3461 conveu-

102 3566 105 3569 ⁴
188 3504 237 3555 tus
252 3498 327 3568 fieri,
342 3516 426 3554 arma
440 3500 567 3573 portari,
581 3498 705 3573 Capuae
721 3504 813 3574 atque
828 3501 859 3557 in
870 3500 985 3574 Apulia
1000 3503 1110 3559 servile
1125 3502 1235 3560 bellurn

187 3597 313 3655 moveri.
371 3598 471 3673 Igitur
492 3598 590 3655 senati
614 3599 738 3655 decreto
760 3598 797 3671 Q.
822 3600 957 3657 Marcius
982 3600 1061 3656 Rex*
1076 3600 1234 3667 Faesulas,

188 3693 223 3766 Q.
239 3694 384 3751 Metellus
400 3693 538 3752 Creticus
558 3696 588 3751 in
603 3695 749 3769 Apuliam
770 3696 942 3769 circumque
962 3714 998 3753 ea
1017 3697 1084 3753 loca
1104 3697 1238 3753 missi-

187 3791 216 3849 ei
237 3792 357 3865 utrique
379 3791 419 3847 ad
440 3792 545 3848 urbem
571 3792 771 3865 imperatores
793 3798 891 3862 erant,
914 3792 1052 3867 impediti
1073 3810 1111 3851 ne
1132 3794 1236 3850 trium-
