2817 4300
185 352 248 415 112
370 367 587 414 5555511555
611 368 713 414 naon
737 369 847 414 namn
872 369 1053 416 Aurnoas.

523 555 645 611 Turnus
658 555 728 611 hille
742 555 906 612 Eumedes.

259 668 351 725 Parte
367 667 427 724 alla
441 668 542 725 medie
556 667 711 725 Eumedes
725 667 757 724 in
772 668 887 742 proelia
902 670 1011 739 fertur,

261 766 379 838 antiqui
394 766 495 840 proles
510 766 590 823 bello
605 767 763 840 praeclara
777 768 918 837 Dolonis,

259 863 381 920 nomine
397 881 488 920 avum
501 864 650 933 referens,
668 865 771 921 animo
786 865 986 938 manibusque
1001 871 1170 939 parentem,

258 961 312 1035 qui
325 961 491 1034 quondam,
508 946 659 1019 castrant
674 962 816 1018 Danaum
833 962 1007 1036 speculator
1021 963 1130 1032 adiret,

185 1065 243 1115 350
258 1076 351 1115 ausus
367 1058 491 1116 Pelidae
506 1059 637 1133 pretium
652 1059 711 1116 sibi
726 1077 852 1134 poscere
867 1077 991 1128 currus3

259 1155 343 1212 illum
358 1156 495 1232 Tydides
509 1155 571 1214 5115
585 1173 640 1231 pro
655 1157 768 1214 talibus
784 1157 866 1214 ausis

259 1253 375 1311 adiecit
390 1254 499 1327 preti0‚
516 1271 573 1312 nec
587 1254 673 1327 equis
689 1255 828 1328 adspirat
841 1253 981 1311 Achillis.

259 1351 350 1408 Hunc
365 1351 469 1424 procul
485 1357 520 1408 ut
534 1369 642 1426 eampo
657 1352 780 1408 Turnus
795 1351 955 1425 prospexit
969 1356 1086 1426 aperto,

258 1445 345 1505 lante
359 1448 421 1505 levi
436 1448 535 1505 iaculo
550 1449 676 1525 longum
691 1466 746 1523 per
761 1449 850 1506 inane
866 1453 989 1506 secutus

185 1553 242 1602 355
259 1546 341 1602 sistit
356 1563 449 1619 equos
463 1545 575 1620 biiugis
590 1550 622 1603 et
636 1563 725 1603 curru
741 1546 843 1603 desilit
858 1551 949 1619 atque

259 1643 428 1699 semianimi
443 1642 590 1716 lapsoque
606 1643 784 1718 supervenit
799 1649 829 1700 et
844 1644 921 1717 pede
936 1643 1014 1700 collo
1035 1711 1038 1718 Ι

258 1740 407 1814 impresso
421 1741 549 1797 dextrae
564 1737 757 1797 25155155515
779 1745 941 1813 extorquet
955 1745 986 1797 et
1001 1740 1063 1797 alto

259 1838 429 1913 fulgentem
441 1835 570 1912 ³tinguit
585 1837 689 1914 iugulo
705 1843 796 1910 atque
812 1838 886 1894 haec
901 1837 1024 1911 insuper
1038 1837 1140 1894 addit:

261 1942 268 1968 ‘
281 1935 329 1991 En
344 1952 435 2010 agros
450 1939 482 1992 et
496 1953 586 2009 quam
601 1935 694 2004 bello,
711 1935 853 2005 Troiane,
868 1935 984 2008 petisti,

186 2040 243 2089 360
259 2032 441 2107 Hesperiam
455 2033 562 2089 metire
577 2033 700 2090 iacens:
717 2033 793 2089 11555
807 2032 942 2106 praemia
956 2032 1007 2104 qui
1022 2050 1069 2088 1115

259 2130 341 2188 15115
356 2129 422 2202 ausi
437 2134 587 2205 temptare
602 2130 718 2199 lerunt,
736 2130 779 2187 sic
794 2129 913 2187 moenia
928 2128 1084 2187 condunt)

504 2289 610 2350 Others
617 2292 680 2364 soll
695 2298 727 2347 at
741 2290 789 2347 his
802 2291 895 2347 head.

259 2406 339 2463 Huic
353 2405 495 2463 comitem
509 2405 652 2481 Asbyten
667 2404 806 2462 coniecta
820 2404 946 2478 cuspide
962 2403 1073 2460 mittit:

259 2502 447 2575 Chloreaque
464 2501 665 2579 Sybarimque
680 2502 857 2575 Daretaque
871 2499 1161 2574 Thersilochumque

259 2606 291 2657 et
305 2598 470 2657 *sternacis
485 2601 554 2674 equi
569 2600 690 2673 lapsum
706 2599 822 2656 cervice
837 2599 1038 2674 Thymoeten.

186 2706 243 2755 365
259 2697 307 2755 Ac
322 2698 406 2755 velut
420 2698 519 2754 Edoni
535 2698 652 2754 Boreae
668 2715 736 2753 cum
752 2696 878 2770 spiritus
893 2695 956 2752 5115
1037 2750 1039 2755 .

259 2795 383 2851 insonat
397 2794 523 2870 Aegaeo
538 2795 735 2867 sequiturque
750 2794 789 2851 ad
803 2794 894 2851 litora
908 2794 1029 2859 fluctus,

259 2910 319 2966 qua
333 2892 417 2949 venti
431 2892 605 2960 incubuere,
623 2893 729 2968 fugam
745 2891 821 2947 dant
836 2890 938 2947 nubila
953 2889 1055 2947 caelo:

260 2990 305 3046 515
318 2989 434 3057 Turn0,
451 3006 639 3063 quacumque
655 2989 736 3047 viam
752 2993 847 3057 secat,
865 2987 987 3064 agmina
1005 2986 1116 3044 cedunt

260 3104 486 3159 conversaeque
502 3093 593 3144 ruunt
608 3087 688 3144 55155
701 3105 708 3154 ;
725 3088 787 3145 fert
801 3087 933 3160 impetus
948 3085 1059 3158 ipsum,

186 3191 244 3243 370
259 3189 291 3241 et
305 3184 428 3241 cristam
443 3185 573 3241 adverso
588 3202 676 3241 curru
691 3186 792 3258 quatit
806 3202 880 3241 aura
894 3182 1059 3240 volantem.

259 3282 332 3338 Non
346 3281 417 3339 tulit
431 3281 597 3339 instantem
612 3283 753 3357 Phegeus
768 3282 936 3355 animisque
951 3282 1150 3337 frementem:

229 3452 239 3484 1
251 3458 313 3501 ante
326 3459 445 3500 secutus:
464 3456 479 3478 “
488 3452 557 3500 First
568 3468 584 3498 α
596 3450 654 3516 liqut
666 3466 739 3514 speur
751 3449 779 3499 he
790 3458 842 3499 sest
854 3450 879 3500 ia
891 3448 961 3498 chose
973 3465 1055 3498 across
1073 3447 1109 3497 rte
1127 3447 1185 3497 void
1202 3449 1238 3496 be·

185 3534 451 3583 tween.’'—M0u1³1s.

228 3616 239 3649 ²
251 3630 413 3674 mucronem,
426 3613 526 3680 duyyer,
537 3613 625 3664 swerd.

228 3698 239 3731 ⁸
251 3699 350 3760 tinguit
361 3720 386 3740 =
399 3697 534 3745 immersit.
542 3696 693 3746 —Ruarus

228 3780 239 3812 4
251 3780 379 3829 sternacis
391 3800 415 3820 =
428 3777 532 3826 ferocis.
