2817 4300
202 377 242 440 28
375 392 595 438 SELEOTIONS
619 391 726 438 FROM
749 391 864 436 LATIN
887 390 1077 436 AUTHORS.

254 567 346 631 reret,
371 580 408 619 ne
432 562 523 618 fidem
554 561 656 631 ullius,
680 561 740 618 nisi
768 560 874 636 Regis,
898 563 1098 634 experiretur.
1142 560 1253 632 Itaque

178 687 192 708 ι
255 658 390 716 venienti
405 657 527 715 obviarn
542 677 608 715 cuin
625 664 743 714 armato
758 658 894 715 exercitu
916 675 1058 733 egressus
1080 661 1138 714 est.
1182 657 1253 713 Ele·

254 757 360 831 phanti
389 773 520 830 quoque,
551 773 604 830 per
632 756 751 812 modica
780 754 941 812 intervalla
976 755 1103 812 rnilitum
1138 754 1252 830 agmini

255 854 396 922 immixti,
413 853 519 928 procul
533 853 728 910 castellorum
743 853 882 910 fecerant
896 852 1039 926 speciem.

222 961 238 1009 5
295 953 345 1007 40.
375 951 424 1008 Ae
452 950 549 1024 primo
577 951 767 1021 Alexander,
798 969 859 1008 non
895 951 1021 1020 socium,
1051 950 1105 1006 sed
1132 950 1251 1006 hostem

255 1049 421 1106 adventare
437 1049 591 1105 credebat.
634 1048 766 1122 Jamque
781 1056 812 1106 et
826 1049 892 1122 ipse
908 1066 992 1104 arma
1006 1047 1117 1103 milites
1133 1064 1251 1120 capere,

255 1152 286 1202 et
301 1146 418 1219 equites
433 1145 588 1202 discedere
603 1146 634 1202 in
650 1164 743 1203 cornu
758 1147 902 1218 jusserat,
916 1151 1039 1219 paratos
1054 1145 1093 1201 ad
1105 1162 1249 1219 pugnam.

254 1243 299 1300 At
320 1244 427 1311 Indus,
451 1243 574 1318 cognito
596 1243 802 1300 Macedonum
823 1260 935 1305 errore,
962 1243 1056 1315 jussis
1084 1241 1251 1298 subsistere

255 1340 385 1408 caeteris,
420 1340 485 1414 ipse
521 1332 655 1398 concitat
690 1359 811 1414 equum,
841 1358 901 1414 quo
930 1341 1107 1398 vehebatur.
1164 1340 1250 1396 Idem

203 1445 240 1494 10
255 1438 433 1494 Alexander
454 1454 572 1510 quoque
595 1438 687 1494 iecit:
712 1438 776 1495 sive
797 1438 906 1506 hostis,
926 1439 990 1494 sire
1012 1437 1126 1494 amicus
1147 1454 1252 1494 occur-

254 1540 345 1604 reret,
370 1535 420 1591 vel
448 1536 503 1590 sua
530 1535 655 1604 virtute,
680 1535 729 1591 vel
758 1535 838 1592 illius
866 1536 924 1592 fide
953 1540 1047 1592 tutus.
1091 1531 1249 1604 ¹Corvere‚

255 1633 337 1705 quod
359 1649 398 1688 ex
420 1631 576 1704 utriusque
598 1629 683 1688 vultu
705 1637 812 1706 posset
833 1632 971 1708 intelligi,
995 1633 1100 1689 amicis
1122 1632 1249 1688 animis:

255 1731 408 1786 caeterum
437 1729 502 1784 sine
531 1729 695 1803 interprete
732 1747 793 1785 non
820 1726 957 1803 ²poterat
985 1730 1105 1786 conseri
1139 1746 1248 1786 sermo.

255 1827 364 1898 Itaque
393 1826 530 1883 adhibito
559 1845 605 1896 ec,
632 1827 787 1883 Barbarus
816 1827 984 1884 occurrisse
1013 1845 1046 1882 se
1074 1827 1153 1883 dixit
1181 1845 1250 1883 oum

203 1931 239 1979 15
256 1924 403 1991 exercitu,
430 1928 511 1979 totas
541 1923 658 1996 imperii
686 1923 767 1980 vires
796 1923 934 1997 protinus
963 1924 1163 1992 traditurum3
1194 1941 1251 1980 nee

255 2023 435 2094 expectasse
450 2021 522 2076 dum
537 2039 591 2094 per
605 2020 733 2078 nuncios
749 2022 873 2078 daretur
891 2022 978 2078 fides.
1022 2020 1141 2094 Corpus
1162 2039 1249 2077 suum

255 2123 286 2175 et
300 2135 427 2195 regnum
442 2118 616 2192 permittere
632 2118 685 2187 illi,
702 2137 793 2194 quem
811 2119 903 2177 sciret
921 2119 1034 2195 gloriae
1049 2119 1249 2176 militantem:

255 2216 330 2272 nihil
353 2216 449 2291 magis
473 2215 564 2290 quam
585 2216 699 2273 famam
722 2216 827 2274 timere
850 2217 1005 2291 perfidiae.
1050 2218 1154 2274 Laetus
1179 2217 1250 2273 sim·

255 2313 390 2387 plicitate
405 2314 531 2369 Barbari
547 2314 614 2369 Rex
630 2319 660 2370 et
678 2314 818 2370 dextram
832 2314 903 2370 fidei
925 2332 998 2370 suae
1020 2313 1131 2389 pignus
1152 2314 1248 2383 dedit,

201 2417 239 2468 20
255 2416 286 2467 et
305 2428 433 2487 regnum
454 2411 597 2467 restituit.
643 2409 871 2486 Quinquaginta
895 2429 951 2467 sex
976 2411 1129 2484 elephanti
1150 2416 1248 2481 crant,

254 2526 331 2582 quos
351 2507 476 2564 tradidit
497 2508 687 2576 Alexandm,
705 2508 859 2581 multaque
878 2526 989 2582 pecora
1005 2506 1150 2565 3eximiae
1166 2526 1250 2584 mag-

255 2606 411 2661 nitudinis.
455 2594 573 2661 Tauros
597 2606 636 2661 ad
658 2606 716 2661 tria
739 2606 842 2675 millia,
867 2607 1034 2679 pretiosum
1055 2609 1092 2662 ea
1113 2606 1247 2682 regione,

254 2708 471 2776 acceptumque
495 2702 603 2758 animis
623 2703 816 2777 regnantium
837 2700 1033 2760 ⁴armcntum.
1086 2703 1251 2776 Quaerenti

255 2800 444 2868 Alexandr0,
486 2799 587 2873 plures
628 2800 827 2874 agricultores
870 2801 1006 2870 haberet,
1044 2820 1082 2857 an
1117 2799 1249 2858 milites?

201 2905 238 2955 25
256 2902 277 2931 ‘⁶
290 2914 356 2953 cum
373 2897 491 2953 dnobus
507 2897 642 2972 Regibus
658 2896 784 2954 bellanti
799 2898 868 2967 sibi,
885 2900 1000 2971 maiore
1016 2898 1143 2954 militum
1158 2915 1249 2971 quam

254 2994 419 3069 agrestium
454 3012 544 3049 manu
581 3010 657 3068 opus
693 2995 794 3063 esse,”
822 2996 991 3069 respondit.
1036 2996 1184 3053 Abisares
1218 3000 1250 3053 et

253 3092 351 3147 Porus
369 3096 467 3159 erant,
485 3090 539 3147 sed
558 3091 588 3147 in
607 3092 687 3147 Poro
701 3088 873 3149 ⁵eminebat
893 3092 1068 3149 auctoritas.
1112 3092 1248 3166 Uterque

253 3188 333 3245 ultra
361 3189 531 3264 Hydaspen
560 3206 679 3245 ainnem
712 3190 879 3265 regnabat3
917 3195 947 3246 et
975 3189 1046 3247 belli
1080 3191 1246 3260 fortunam,

252 3286 389 3360 quisquis
407 3305 491 3343 arma
505 3286 643 3354 inferret,
661 3287 794 3360 experiri
809 3288 996 3344 decreverat.

200 3392 237 3442 30
292 3386 342 3440 41.
373 3383 512 3457 Omphis,
529 3384 725 3457 permittente
739 3384 929 3453 Alexandro,
943 3391 975 3441 et
991 3385 1106 3460 regium
1129 3384 1247 3461 insigne

253 3483 392 3555 sumpsit,
410 3488 441 3538 et
462 3499 544 3537 more
566 3482 667 3557 gentis
689 3499 774 3548 suae,
792 3500 901 3538 nomen
920 3483 1001 3555 quod
1022 3483 1118 3555 patris
1134 3482 1245 3539 fuerat.

252 3630 378 3679 1coivere
393 3632 453 3693 (con
469 3630 521 3692 eo).
821 3629 963 3689 ⁸eximiae,
975 3646 1004 3677 as
1017 3630 1045 3693 is
1056 3646 1174 3692 magnae.

252 3711 263 3747 2
275 3717 378 3775 poterat
391 3712 492 3760 conseri
505 3726 599 3772 sermo,
608 3712 627 3760 it
639 3729 689 3760 was
698 3720 738 3760 not
820 3712 831 3744 ⁴
843 3718 998 3771 armentum,
1009 3728 1062 3775 syn.
1075 3728 1146 3773 grex.

309 3792 411 3859 possible
423 3801 445 3841 to
457 3792 513 3841 hold
525 3810 541 3841 a
553 3794 724 3843 concersutr'on.
819 3792 830 3828 ⁸
842 3794 982 3853 eminebat,
994 3811 1044 3843 was
1053 3795 1196 3858 monstrent.
