2817 4300
530 371 651 419 suonr
673 370 873 419 uxranors.
1162 352 1237 429 225,

456 543 538 616 Quid
552 559 619 599 sum
633 542 725 598 miser
740 547 813 599 tunc
827 540 986 600 dicturus?

456 641 554 714 Quem
568 646 731 716 patronum
746 646 920 716 rogaturus,

456 740 557 813 Quum
571 740 625 797 vix
639 741 741 813 justus
757 740 799 797 sit
813 737 957 797 securus?

457 919 525 976 Rex
540 920 716 977 tremendae
730 919 912 993 majestatie,

457 1016 517 1089 Qui
530 1016 696 1074 salvandos
711 1017 814 1074 salvas
829 1017 937 1093 gratis,

457 1113 552 1173 Salva
565 1131 626 1184 me,
642 1115 714 1172 fons
729 1114 871 1188 pietatis!

551 1376 619 1431 117.
650 1374 856 1431 Faruunsnrr.

219 1521 370 1596 Quoniam
391 1523 435 1580 lta
451 1522 530 1579 ratio
544 1527 722 1596 comparata
736 1527 784 1580 est
797 1523 878 1581 vitae
893 1527 1080 1596 naturaeque
1095 1528 1228 1595 nostrae,
1258 1549 1262 1556 ·

178 1626 214 1678 ut
236 1619 296 1676 alia
316 1625 402 1677 aetas
416 1619 531 1676 oriatur
546 1637 585 1676 ex
600 1619 678 1688 alia3
701 1620 834 1676 maxime
848 1620 971 1693 quidem
985 1620 1154 1694 optandum
1168 1625 1227 1689 est,

103 1715 106 1721 ’
178 1724 214 1775 ut
235 1735 304 1775 eum
323 1716 502 1790 aequalibus
524 1717 636 1790 possis,
652 1717 834 1790 quibuscum
856 1721 1002 1790 tanquam
1024 1717 1228 1774 ecarceribus

179 1815 310 1872 emissus
334 1814 390 1881 sis,
413 1831 481 1871 eum
503 1813 622 1884 iisdem,
645 1815 686 1872 ad
707 1814 833 1883 calcem,
857 1819 891 1871 ut
912 1814 1033 1884 dieitur,
1057 1815 1226 1888 pervenire.

180 1912 242 1971 Sed
263 1912 406 1986 quoniam
427 1929 477 1968 res
498 1911 648 1969 humanae
667 1912 791 1987 fragiles
806 1913 998 1986 caducaeque
1011 1919 1093 1981 sunt,
1111 1930 1231 1987 semper

180 2010 275 2084 aliqui
286 2008 465 2083 anquirendi
480 2014 563 2078 suut,
576 2027 654 2083 quos
667 2010 839 2086 diligamus,
852 2015 884 2067 et
898 2028 916 2066 a
930 2010 1040 2083 quibus
1055 2010 1227 2086 diligamur.

180 2107 316 2167 Caritate
341 2109 434 2177 enlm,
461 2107 734 2181 benevolentiaque
763 2107 896 2177 sublata,
922 2108 1021 2165 omnis
1049 2112 1098 2166 est
1125 2125 1141 2166 e
1166 2108 1231 2167 vita

181 2206 302 2263 sublata
316 2205 501 2279 jucunditas.

221 2303 300 2360 Mihi
320 2303 442 2377 quidem
465 2301 580 2376 Scipio,
603 2320 777 2377 quanquam
799 2308 847 2360 est
874 2303 975 2361 subito
997 2310 1131 2377 ereptus,
1155 2304 1231 2362 vivit

181 2407 296 2470 tamen,
309 2417 489 2475 semperque
503 2400 598 2458 vivet.
641 2400 795 2457 Virtutem
810 2400 889 2456 enim
905 2400 1025 2475 semper
1035 2401 1136 2458 amavi
1150 2401 1230 2459 illius

181 2499 250 2569 viri,
276 2516 354 2573 quae
380 2497 533 2555 exstincta
557 2515 618 2554 non
644 2502 709 2555 est:
736 2516 793 2555 nec
817 2497 890 2554 mihi
915 2498 972 2554 soli
998 2504 1136 2555 versatur
1160 2504 1231 2557 aute

180 2597 298 2665 oculos,
314 2596 366 2670 qui
388 2595 471 2652 illam
485 2613 606 2669 semper
619 2595 652 2651 in
666 2595 806 2652 manibus
821 2595 931 2663 habui;
954 2596 1009 2653 sed
1024 2596 1115 2653 etiam
1130 2602 1231 2671 poste·

181 2694 223 2751 ris
251 2693 310 2752 erit
333 2694 416 2751 clara
440 2697 471 2749 et
494 2692 635 2769 insignis.
689 2693 788 2750 Nemo
813 2710 947 2766 unquam
972 2694 1073 2751 auimo
1098 2700 1151 2751 aut
1176 2712 1230 2769 spe

182 2793 299 2865 majora
309 2790 467 2864 suscipiet,
480 2790 533 2863 qui
544 2790 602 2847 sibi
613 2806 674 2847 non
686 2790 766 2847 illius
778 2791 952 2847 memoriam
965 2796 1056 2864 atque
1069 2791 1231 2868 imaginem

183 2889 411 2962 proponendam
427 2892 524 2962 putet.

223 2985 372 3058 Equidem
395 3003 435 3041 ex
458 2985 599 3041 omuibus
622 2984 725 3054 rebus,
750 3002 826 3059 quas
850 2985 923 3041 mihi
946 2990 1000 3042 aut
1021 2986 1157 3055 fortuna,
1179 2994 1232 3044 aut

183 3087 293 3138 natura
323 3082 439 3152 tribuit,
469 3080 545 3138 nihil
572 3081 681 3150 habe0,
710 3082 793 3154 quod
821 3100 888 3139 cum
917 3082 1051 3140 amicitia
1078 3082 1231 3157 Scipionis

183 3180 299 3254 possim
319 3196 507 3253 comparare.
551 3179 589 3235 In
610 3180 668 3236 hae
689 3179 762 3235 mibi
781 3180 819 3237 de
834 3180 989 3253 republica
1003 3198 1182 3251 consensus,
1200 3182 1229 3238 in

182 3278 240 3334 hac
264 3294 363 3334 rerum
388 3275 576 3351 privatarum
601 3275 779 3345 eonsilium3
808 3276 840 3333 in
865 3278 972 3334 eadem
996 3280 1116 3351 requies
1141 3280 1231 3353 plena

182 3373 397 3431 oblectationis
421 3373 491 3430 luit.
539 3373 705 3446 Nunquam
731 3374 814 3431 illum
839 3392 876 3431 ue
901 3375 1025 3433 minima
1049 3376 1170 3450 quidem
1200 3396 1231 3434 re

182 3471 307 3539 offendi,
324 3472 406 3545 quod
420 3471 543 3544 quidem
557 3471 703 3528 senserim
717 3490 723 3526 :
746 3472 821 3528 nihil
835 3473 938 3530 audivi
953 3491 992 3530 ex
1007 3490 1044 3531 eo
1058 3475 1135 3548 ipse,
1149 3476 1232 3548 quod

182 3569 305 3626 nollem.
358 3568 430 3627 Una
454 3568 563 3625 domus
587 3573 665 3637 erat,
689 3569 770 3625 idem
796 3569 906 3639 victus,
931 3570 1018 3644 isque
1043 3573 1229 3629 communis:

182 3684 280 3740 neque
294 3666 391 3724 solum
407 3665 526 3733 militia,
542 3667 703 3723 sedetiam
718 3667 989 3742 peregrinationes,
1004 3669 1232 3727 rusticationes-

181 3780 241 3837 que
256 3780 442 3821 eommunes.
486 3762 568 3820 Nam
581 3763 655 3837 quid
666 3781 724 3839 ego
735 3764 773 3822 de
788 3764 898 3821 studiis
912 3765 1010 3823 dicam
1025 3768 1230 3842 cognoscendi
