2817 4300
540 359 658 408 snonn
680 359 877 408 nxraaors.
1170 347 1233 414 193

183 525 335 598 Gadibus,
361 528 413 602 qui
438 529 596 606 octoginta
619 531 761 605 regnavit
790 547 899 600 annos,
924 535 1044 588 centem
1068 537 1100 588 et
1123 532 1233 608 viginti

181 625 272 682 vixit.
316 625 377 683 Sed
398 626 470 682 mihi
491 645 529 684 ne
544 626 720 684 diuturnum
735 627 858 700 quidem
871 627 1037 700 quidquam
1052 629 1183 699 videtur,
1201 631 1232 688 in

182 739 243 795 quo
257 727 305 780 est
318 723 433 796 aliquid
448 730 627 780 extremum.
658 724 759 796 Quum
774 725 852 782 enim
869 724 899 781 id
912 725 1048 794 advenit,
1060 733 1132 784 tune
1144 727 1230 799 illud,

181 820 264 892 quod
287 821 456 894 praeteriit,
483 822 617 879 effluxit:
647 827 768 879 tantum
790 828 939 892 remanet,
963 824 1045 896 quod
1070 825 1176 882 virtuti
1201 832 1233 884 et

180 909 263 974 recte
278 917 370 975 laetis
385 926 567 976 consecutus
582 918 636 975 sis.
680 919 784 977 Horae
799 919 920 992 quidem
935 921 1049 978 cedunt
1063 926 1095 978 et
1113 922 1179 980 dies
1201 928 1233 980 et

181 1033 302 1072 menses
320 1022 352 1072 et
365 1016 456 1072 anni:
479 1033 535 1074 nec
550 1016 746 1090 praeteritum
762 1021 883 1090 ternpus
901 1035 1035 1090 unquam
1056 1019 1229 1089 revertitur,

181 1130 249 1182 nec,
265 1113 338 1186 quid
360 1120 516 1186 sequatur,
537 1114 607 1172 seiri
629 1119 740 1188 potest.
783 1113 872 1186 Quod
893 1115 1001 1188 cuique
1023 1116 1170 1190 temporis
1192 1118 1231 1174 ad

180 1210 344 1267 vivendum
359 1212 460 1280 datur,
477 1228 514 1269 eo
534 1212 626 1268 debet
647 1229 715 1269 esse
737 1216 910 1269 contentus.
955 1213 1062 1285 Neque
1074 1213 1153 1269 enim
1170 1213 1231 1270 his-

180 1307 284 1378 trioni,
300 1313 335 1365 ut
353 1307 484 1383 placeat,
500 1310 676 1384 peragenda
697 1309 804 1365 fabula
826 1314 874 1366 est
883 1331 892 1382 3
914 1309 1016 1379 modo,
1033 1309 1065 1366 in
1086 1326 1231 1383 quocum-

180 1423 239 1478 que
263 1405 357 1463 fuerit
381 1410 463 1476 actu,
487 1406 649 1480 probetur:
674 1424 729 1463 nec
751 1407 882 1481 sapienti
904 1425 1000 1480 usque
1023 1408 1062 1464 ad
1083 1407 1230 1464 Plaudite

179 1502 374 1560 veniendum.
418 1504 516 1561 Breve
531 1503 610 1560 enim
626 1509 747 1577 tempus
762 1504 873 1561 aetatis
888 1504 965 1561 satis
980 1510 1028 1562 est
1048 1503 1172 1581 longum
1192 1505 1232 1562 ad

179 1599 259 1656 bene
283 1601 471 1674 honesteque
499 1601 671 1659 vivendum.
718 1599 771 1658 Sin
796 1602 983 1675 processeris
1008 1602 1142 1678 longius,
1169 1620 1229 1659 non

180 1700 278 1774 magis
293 1698 456 1756 dolendum
471 1703 529 1768 est,
546 1715 637 1771 quum
659 1698 811 1774 agricolae
833 1699 949 1769 dolent,
966 1701 1130 1774 praeterita
1144 1701 1231 1756 verni

181 1796 327 1869 temporis
350 1796 513 1863 suavitate,
539 1802 686 1853 aestatem
713 1801 967 1870 auctumnumque
992 1797 1123 1855 venisse.
1167 1797 1231 1855 Ver

180 1893 260 1950 enim
286 1899 432 1966 tanquam
457 1893 695 1952 adolescentiam
721 1894 872 1968 signifieat
893 1895 1089 1968 ostenditque
1111 1896 1230 1952 fructus

180 1992 317 2047 futuros:
334 1991 450 2064 reliqua
461 1996 599 2065 tempora
614 1992 805 2050 demetendis
820 1993 972 2050 fructibus
984 1997 1014 2050 et
1025 1992 1230 2067 percipiendis

181 2090 411 2148 accommodata
425 2095 507 2147 sunt.

524 2339 574 2395 86.
605 2338 744 2397 Casua’s
766 2338 885 2397 Husrn.
968 2350 970 2355 ·

219 2485 290 2544 Jam
319 2503 393 2544 vero
420 2503 457 2543 eo
485 2486 583 2561 magis
608 2486 651 2542 illi
676 2486 890 2542 maturandum
915 2484 974 2542 iter
998 2485 1228 2543 existimabant.

179 2583 289 2657 Itaque
304 2584 424 2641 duabus
439 2583 638 2640 auxiliaribus
654 2582 830 2641 cohortibus
845 2582 965 2639 Ilerdae
981 2582 1134 2656 praesidio
1145 2583 1232 2641 relic·

180 2682 232 2750 tis,
248 2680 389 2738 omnibus
411 2681 508 2754 copiis
523 2679 650 2738 Sicorim
666 2684 829 2738 transeunt
843 2684 874 2736 et
888 2698 956 2737 cum
971 2680 1090 2737 duabus
1105 2681 1232 2757 legioni·

181 2779 238 2835 bus
263 2796 339 2851 quas
365 2778 571 2852 superioribus
596 2777 705 2834 diebus
730 2777 933 2834 traduxerant
958 2783 1060 2835 eastra
1085 2780 1229 2854 jungunt.

180 2874 421 2950 Relinquebatur
435 2874 560 2933 Caesari
575 2874 661 2944 nihil,
678 2874 737 2931 nisi
752 2874 796 2932 nti
812 2875 948 2949 equitatu
964 2893 1072 2951 agmen
1088 2877 1232 2933 adversa·

180 2973 292 3029 riorum
306 2974 385 3030 male
401 2974 527 3030 haberet
542 2977 573 3031 et
587 2977 737 3047 carperet.
781 2973 865 3030 Pons
880 2972 960 3029 enim
975 2973 1072 3046 ipsius
1087 2990 1231 3049 magnum

181 3070 338 3127 circuitum
359 3071 503 3138 habebat,
520 3075 555 3127 ut
576 3070 671 3127 multo
691 3070 831 3129 breviore
846 3070 953 3127 itinere
969 3070 1012 3127 illi
1027 3071 1068 3127 ad
1082 3070 1231 3127 Hiberum

180 3155 492 3243 pervenirepossent.
536 3168 665 3242 Equites
680 3169 720 3225 ab
735 3185 772 3226 eo
786 3168 871 3235 missi
887 3168 998 3224 flumen
1013 3171 1173 3224 transeunt
1187 3170 1229 3236 et,

179 3284 249 3325 cnm
270 3268 308 3325 de
329 3267 420 3325 tertia
433 3266 539 3343 vigilia
558 3266 698 3325 Petreius
720 3271 811 3339 atque
832 3265 982 3322 Afranius
1004 3269 1105 3321 eastra
1120 3262 1230 3321 moris-

180 3371 260 3430 sent,
276 3370 401 3439 repente
416 3382 484 3423 sese
499 3365 538 3421 ad
553 3364 753 3422 novissimum
768 3380 877 3439 agmen
892 3362 1059 3419 ostendimt
1073 3367 1105 3417 et
1118 3378 1230 3436 magna

179 3463 372 3521 multitudine
394 3462 579 3521 circumfusa
600 3462 711 3518 morari
729 3466 820 3533 atque
836 3460 893 3516 iter
907 3458 1052 3533 impedire
1067 3457 1227 3532 incipiunt.

179 3559 281 3617 Prima
301 3558 369 3618 luce
391 3577 430 3616 ex
452 3559 659 3633 superioribus
678 3557 755 3615 loeis
770 3574 848 3632 quae
863 3555 1004 3614 Caesaris
1020 3556 1128 3613 castris
1143 3560 1231 3612 erant

180 3658 355 3729 conjuncta,
382 3657 564 3715 cernebatur
592 3656 747 3729 equitatus
776 3654 873 3711 nostri
901 3653 1017 3727 proelio
1045 3652 1230 3711 novissimos

180 3753 298 3811 illorum
320 3753 416 3829 premi
437 3754 634 3811 vehementer
648 3769 684 3809 ac
706 3768 934 3824 nonnumquam
956 3750 1107 3808 sustinere
1129 3754 1230 3809 extre·
