2817 4300
171 389 235 454 110
357 405 574 452 suuucrrous
597 405 699 451 naon
722 403 834 450 narni
857 405 1036 455 Auruoas.

247 577 453 651 impressoque
467 594 548 650 genu
562 575 663 632 nitens
678 580 777 632 terrae
793 575 927 649 adplicat
942 577 1058 650 ipsum:

247 674 290 730 sic
305 674 404 748 rigido
418 673 498 729 latus
514 689 586 728 ense
601 673 684 729 ferit.
729 672 900 728 Podalirius
914 673 1023 729 Alsum

173 778 230 828 305
246 777 400 845 pastorem
414 770 570 844 primaque
586 770 650 826 acie
665 787 719 843 per
734 769 794 826 tela
809 775 958 838 ruentem,

247 887 320 926 ense
335 886 465 941 sequeus
481 868 563 924 nudo
579 868 826 940 superimminet:
843 867 893 924 ille
908 865 1021 926 ¹seeuri

247 967 368 1023 adversi
382 967 515 1023 frontem
531 966 660 1021 mediam
677 971 871 1039 mentumque
886 965 1011 1022 reducta

246 1064 348 1121 disicit
362 1069 393 1120 et
407 1081 514 1136 sparso
528 1063 589 1119 late
605 1064 684 1138 rigat
698 1080 783 1118 arma
799 1080 913 1120 cruore.

245 1160 305 1218 Olli
321 1162 396 1217 dura
410 1161 497 1233 quies
511 1160 616 1216 oeulos
631 1164 662 1216 et
680 1161 798 1216 ferreus
814 1165 901 1235 urget

173 1266 231 1315 310
246 1275 382 1327 somnus,
399 1258 430 1313 in
445 1263 601 1313 aeternam
616 1258 788 1314 conduntur
803 1256 917 1313 lumina
932 1263 1063 1315 noctem.

526 1416 650 1472 AEneus
665 1417 692 1470 is
706 1416 863 1471 wouuded.

284 1531 330 1588 At
344 1530 413 1604 pius
426 1531 551 1586 Aeneas
566 1530 707 1586 dextram
722 1529 869 1586 tendebat
884 1529 1027 1587 inermem

247 1629 360 1684 nudato
375 1628 473 1701 eapite
488 1632 580 1699 atque
595 1643 667 1682 suos
682 1626 813 1682 clamore
828 1626 977 1684 vocabat:

246 1723 331 1797 ‘Quo
348 1722 456 1782 ruitis?
496 1723 620 1797 Quaeve
636 1724 695 1781 ista
709 1721 834 1798 ²repens
849 1725 1001 1781 discordia
1017 1725 1134 1802 surgit?

246 1821 273 1880 Ο
287 1823 425 1880 cohibete
440 1823 518 1878 iras!
562 1823 661 1879 Ictum
677 1823 735 1878 iam
751 1823 862 1878 foedus
877 1829 908 1880 et
921 1839 1026 1878 omnes

172 1928 230 1977 315
246 1921 433 1994 compositae
449 1920 550 1994 leges3
567 1921 639 1976 mihi
654 1920 701 1976 ius
717 1937 895 1976 concurrere
910 1919 985 1986 soli;

244 2016 307 2074 ³me
322 2018 412 2075 sinite
427 2024 518 2090 atque
534 2019 653 2075 auferte
669 2023 786 2085 metus3
803 2035 860 2092 ego
875 2018 1001 2074 foedera
1014 2015 1106 2075 ⁴laxo

245 2117 332 2173 firma
346 2134 457 2188 mauu3
472 2117 609 2173 Turnum
624 2116 738 2173 debent
751 2116 827 2173 haec
842 2115 901 2172 iam
917 2116 990 2172 mihi
1005 2115 1114 2175 sacra.’

246 2214 312 2271 Has
327 2214 406 2271 inter
421 2232 524 2284 rocca,
541 2214 641 2271 media
658 2214 736 2271 inter
750 2212 825 2270 talia
839 2213 932 2271 verba

244 2330 313 2370 ecee
328 2312 394 2369 viro
409 2312 541 2368 stridens
557 2311 612 2368 alis
628 2311 757 2385 adlapsa
771 2311 886 2386 sagitta
900 2316 947 2369 est

171 2416 229 2466 320
243 2406 407 2466 ⁵iucertum
422 2427 482 2482 qua
496 2409 585 2483 pulsa
598 2427 702 2477 manu,
720 2426 780 2482 quo
795 2409 915 2465 turbine
930 2410 1050 2479 adacta,

244 2507 312 2579 quis
328 2512 445 2564 tantam
460 2507 581 2563 Rutulis
596 2506 727 2575 laudem,
745 2524 874 2564 casusne
890 2507 1016 2575 deusne,

244 2604 404 2661 adtulerit:
420 2601 541 2678 ⁶pressa
556 2610 604 2661 est
618 2604 747 2680 insignis
762 2603 858 2679 gloria
873 2604 957 2671 facti,

243 2719 299 2759 nec
314 2719 382 2757 sese
403 2702 528 2757 Aeneae
543 2702 670 2758 iactavit
684 2701 808 2758 vulnere
823 2701 995 2774 quisquam.

324 2862 445 2918 Turnus
459 2862 542 2918 tulrec
549 2862 637 2934 fresh
652 2879 778 2937 courupe
794 2862 857 2919 aad
871 2861 952 2935 cloys
965 2880 1068 2935 many.

242 2976 366 3032 Turnus
380 2982 415 3033 ut
428 2977 555 3033 Aenean
567 2977 725 3033 cedentem
741 2994 780 3033 ex
795 2976 915 3050 agmine
930 2976 1008 3033 vidit
1044 2996 1051 3013 ⁸

169 3080 227 3130 325
243 3075 442 3147 turbatosque
458 3074 562 3142 ducac,
580 3074 681 3130 subita
696 3091 750 3147 spe
766 3074 904 3130 fervidus
920 3074 1025 3131 ardet:

127 3243 132 3251 '
212 3236 221 3267 ¹
235 3238 320 3286 securi
334 3276 339 3287 .
352 3276 358 3287 .
371 3276 376 3286 .
388 3238 512 3288 reducta:
530 3237 585 3286 will
597 3237 635 3286 lia
646 3255 692 3286 axe
705 3237 791 3285 drawn
804 3235 872 3286 buck.

211 3330 221 3358 ²
233 3346 340 3392 repens:
357 3347 409 3395 syn.
423 3332 533 3379 subitus.

211 3411 223 3444 ⁰
234 3428 275 3461 me
289 3449 294 3460 .
308 3449 313 3461 .
327 3449 332 3461 .
345 3421 431 3462 metus
444 3436 467 3456 =
480 3413 561 3461 nolite
574 3413 666 3461 timere
677 3427 725 3473 pro
737 3426 778 3459 me
791 3432 815 3453 =
828 3425 877 3472 ego
889 3410 1007 3468 firmabo,
1019 3416 1105 3457 ratum
1119 3409 1218 3458 faciam

168 3498 271 3557 foedus,
282 3514 371 3561 pugna
384 3514 444 3548 cum
457 3500 547 3548 Turno
559 3497 673 3547 ineunda
690 3511 723 3545 ex
740 3495 855 3545 foederis
867 3495 1061 3544 conditionibus
1074 3510 1149 3543 sacro
1167 3496 1217 3543 hoc

168 3582 441 3629 sancitis-Harma.

212 3662 298 3710 *laxo
310 3684 334 3704 =
347 3663 453 3720 faciam,
466 3661 562 3711 fecero.
599 3660 644 3711 See
658 3658 706 3709 Bk.
718 3657 780 3719 IX„
794 3658 809 3708 l.
823 3660 878 3709 154.

211 3741 223 3775 ⁶
234 3744 363 3791 incertum
374 3760 379 3791 :
396 3760 428 3790 sc.
441 3749 489 3802 eut,
501 3758 563 3805 upon
576 3741 650 3789 which
662 3739 699 3789 tle
711 3740 816 3790 indirect
827 3742 946 3805 questions
955 3740 1081 3807 fhllowiuq
1094 3740 1198 3806 deperiri.

212 3822 326 3886 ⁶pressa
337 3830 377 3873 est
389 3846 413 3867 =
426 3838 566 3887 suppressa
579 3830 626 3872 est.
