2817 4300
536 379 705 445 vnaom’s
728 397 864 444 mnino.

246 569 376 644 amplius
391 574 445 626 aut
458 574 579 627 tantum
594 567 694 641 potuit
708 568 844 642 perferre
859 567 1006 626 dolorem.

247 667 319 724 ‘Me
334 684 393 736 me,
410 667 517 723 adsum
532 666 585 738 qui
600 665 672 734 feei,
689 665 719 721 in
736 683 782 722 me
798 665 967 722 convertite
981 665 1106 735 ferrum,

244 761 272 821 O
287 763 403 834 Rutuli,
421 780 489 820 mea
503 763 590 819 fraus
604 761 723 832 omnis3
747 761 821 818 nihil
835 762 894 820 iste
909 779 965 820 nec
979 779 1072 820 ausus

245 879 301 918 nec
316 861 427 936 potuit,
444 860 561 918 eaelum
577 862 634 918 hoc
648 864 681 916 et
694 859 818 934 conscia
833 859 933 916 sidera
947 865 1055 930 testor,

245 964 365 1016 tantum
379 959 534 1016 infelicem
549 958 674 1014 nimium
688 957 798 1015 dilexit
814 957 966 1014 amicum)
1163 965 1222 1014 430

244 1056 334 1112 Talia
347 1057 431 1113 dicta
445 1056 557 1123 dabat3
580 1056 635 1112 sed
649 1055 765 1111 viribus
781 1055 865 1112 ensis
879 1055 1007 1112 adactus

244 1153 408 1211 transabiit
421 1150 538 1211 ¹oostus
554 1159 585 1210 et
599 1153 732 1211 eandida
746 1157 871 1226 pectora
884 1151 1008 1225 rumpit.

243 1251 384 1308 Volvitur
398 1251 549 1326 Euryalus
564 1249 637 1319 leto,
654 1250 856 1323 pulchrosque
871 1266 925 1323 per
940 1254 1023 1306 artus

245 1348 269 1405 it
282 1366 381 1417 cruor,
398 1347 489 1421 inque
504 1365 624 1404 umeros
639 1347 744 1405 cervix
759 1346 906 1420 conlapsa
919 1346 1086 1404 recumbit:

244 1462 412 1519 purpureus
426 1442 521 1501 veluti
536 1461 605 1500 cum
618 1443 675 1500 flos
690 1443 827 1502 succisus
843 1448 945 1501 aratro
1163 1451 1220 1501 435

243 1541 415 1617 languescit
429 1541 561 1598 moriens
576 1541 697 1598 lassove
713 1537 884 1615 ²papavera
899 1539 978 1598 collo

243 1639 391 1696 demisere
406 1644 509 1712 eaput,
526 1638 629 1712 pluvia
644 1655 714 1695 cum
728 1638 809 1695 forte
824 1643 1001 1714 gravantur.

243 1730 289 1786 At
302 1729 399 1786 Nisus
413 1729 474 1786 ruit
488 1729 518 1785 in
534 1728 651 1785 medios
666 1727 825 1801 solumque
840 1746 895 1803 per
908 1728 1008 1784 omnis

244 1827 424 1884 Volcentem
438 1826 526 1901 petit,
543 1827 575 1882 in
589 1826 656 1883 solo
669 1825 818 1884 Volcente
833 1831 978 1883 moratur.

244 1923 341 1997 Quem
350 1925 463 1981 circum
474 1923 635 2000 glomerati
647 1924 751 1980 hostes
763 1923 833 1980 hinc
845 1923 1014 1981 comminus
1026 1928 1117 1998 atque
1128 1924 1199 1980 hino

245 2022 437 2095 proturbant.
482 2021 585 2078 Instat
599 2039 659 2077 non
674 2018 788 2078 ³setius
803 2038 838 2078 ac
853 2025 935 2078 rotat
949 2038 1054 2078 ensem
1163 2027 1220 2077 441

245 2119 435 2190 fulmineum,
451 2119 569 2177 ‘donec
584 2117 689 2175 Rutuli
707 2118 868 2176 clamantis
883 2118 913 2175 in
929 2135 981 2175 ore

245 2217 382 2275 condidit
396 2218 526 2274 adverso
541 2222 572 2273 et
585 2216 719 2272 moriens
734 2216 866 2273 animam
882 2216 1009 2273 abstulit
1023 2216 1114 2273 hosti.

244 2315 323 2371 Tum
337 2332 429 2388 super
443 2313 616 2371 exanimum
632 2298 699 2370 sese
715 2313 842 2387 proiecit
857 2313 987 2370 amioum

243 2408 423 2469 ⁴conf0ssus
438 2411 619 2485 placidaque
633 2411 676 2466 ibi
690 2411 810 2467 demum
826 2415 923 2467 morte
938 2411 1064 2483 quievit.
1162 2417 1219 2467 445

284 2508 446 2566 Fortunati
460 2507 568 2564 ambo!
613 2506 720 2580 Siquid
735 2525 803 2564 mea
818 2507 953 2564 earmina
967 2512 1108 2581 possunt,

244 2606 327 2663 nulla
341 2606 408 2663 dies
423 2623 566 2678 umquam
580 2604 706 2661 memori
721 2622 776 2661 vos
791 2601 922 2661 ⁵eximet
935 2600 1040 2671 ⁶aevo‚

244 2704 315 2760 dum
331 2704 439 2761 domus
455 2703 577 2760 Aeneae
593 2700 727 2775 Capitoli
741 2701 894 2759 immobile
910 2719 1019 2759 saxum

243 2797 376 2858 ⁷acoolet
391 2800 608 2874 imperiumque
623 2806 710 2873 pater
724 2800 881 2856 Romanus
896 2799 1030 2855 habebit.

283 2898 425 2955 Victores
439 2898 554 2972 praeda
568 2895 674 2954 Rutuli
688 2896 854 2969 spoliisque
870 2896 959 2970 potiti
1161 2903 1220 2953 450

243 2994 425 3053 Volcentem
439 2996 614 3051 exanimum
628 2995 736 3051 flentes
753 2993 783 3049 in
798 2999 900 3051 castra
915 2994 1067 3051 ferebant.

243 3092 310 3150 Nec
324 3094 424 3149 minor
438 3092 470 3148 in
484 3092 594 3149 castris
609 3091 709 3149 luctus
724 3091 894 3147 Rhamnete
909 3097 1029 3164 reperto

267 3248 305 3298 Ar·
323 3248 416 3298 Donec
428 3248 546 3297 condidit
557 3263 636 3295 ensem
649 3248 677 3295 in
688 3247 800 3295 adverso
813 3262 857 3295 ore
869 3247 964 3295 Rutuli
976 3246 1123 3295 clamantis.

213 3389 223 3423 1
235 3398 330 3452 costas,
342 3392 400 3440 ribs.
597 3388 759 3452 ’papavera
769 3389 877 3453 poppies.

212 3471 223 3501 ³
234 3474 316 3522 setius
326 3473 401 3537 (some
408 3471 539 3522 Msshooe
549 3472 677 3534 segnius).
701 3472 760 3520 Non
769 3472 858 3530 setius,
868 3468 1035 3530 none-thedom,
1042 3470 1097 3535 just
1105 3486 1134 3519 as
1144 3469 1220 3521 much.

212 3556 223 3589 ⁴
235 3556 383 3616 confossus,
392 3554 494 3620 pierced
505 3554 609 3619 throupl.

212 3637 224 3671 ⁵
235 3640 340 3699 eximet,
352 3637 408 3686 take
420 3646 458 3687 out
471 3655 497 3686 or
509 3654 588 3702 away.

212 3720 309 3771 6aevo.
344 3721 442 3771 eximet
454 3720 476 3769 is
486 3718 608 3785 qenerolly
621 3718 682 3768 used
692 3718 747 3769 wilt
759 3716 806 3767 abl.
813 3736 823 3779 ‚·
840 3716 972 3767 sometimes
983 3715 1040 3767 wilt
1051 3715 1104 3769 dat.

213 3802 346 3863 'accolet
359 3803 425 3861 ad÷
437 3804 503 3852 colo.
