2817 4300
136 479 148 492 .
201 394 242 458 74
385 412 599 457 snaucrrons
622 413 724 458 raom
747 412 861 458 narra
883 413 1064 460 Auunons.

200 588 257 638 255
273 578 423 638 1actutum
440 583 508 655 pius
522 583 646 639 Aeneas
662 588 754 656 atque
768 583 886 659 integer
901 585 969 641 aevi

272 679 438 747 AscaniuS,
454 679 554 735 meriti
569 679 646 735 tanti
662 697 723 735 non
738 680 894 736 immemor
909 679 1075 753 umquam!

342 873 495 930 Ascanius
510 891 699 948 encourapes,
717 877 779 931 aad
795 877 945 948 promises
959 877 1100 933 remanda.

275 1004 392 1060 ‘Immo
408 1022 465 1079 ego
479 1022 547 1074 vos,
563 1001 630 1061 ²cui
646 1005 713 1061 sola
728 1006 809 1062 salus
824 1007 962 1081 genitore
978 1005 1126 1075 reducto,'

273 1101 388 1175 excipit
402 1102 568 1172 Ascanius,
587 1108 661 1175 ‘per
676 1121 816 1178 magnos,
834 1103 921 1172 Nise,
939 1104 1058 1177 penatis

271 1199 477 1272 Assaracique
493 1199 586 1255 larem
601 1204 633 1256 et
647 1217 741 1256 canae
757 1200 924 1274 penetralia
938 1201 1052 1258 Vestae

198 1303 256 1352 260
272 1296 426 1365 obtestor,
450 1313 656 1368 quaecumque
672 1297 744 1353 mihi
759 1299 881 1354 fortuna
895 1299 1031 1371 fidesque
1046 1303 1104 1368 est,

272 1393 302 1448 in
317 1393 428 1451 vestris
443 1411 524 1467 pono
538 1394 680 1468 gremiis:
703 1400 845 1452 revocate
861 1401 1029 1469 parentem,

271 1491 389 1547 reddite
404 1496 620 1564 conspectum3
644 1491 718 1547 nihil
733 1492 784 1548 iiio
799 1492 886 1549 triste
901 1499 1035 1566 recepto.

271 1588 350 1644 Bina
364 1588 444 1644 dabo
459 1595 587 1663 argento
602 1590 740 1662 perfecta
755 1596 846 1662 atque
862 1608 970 1663 aspera
985 1589 1082 1665 signis

271 1685 391 1759 pocula,
409 1685 530 1742 devicta
544 1686 664 1761 genitor
679 1704 756 1759 quae
771 1687 853 1761 cepit
866 1683 1007 1755 ³Arisba,

198 1788 255 1838 265
272 1789 302 1838 et
317 1782 454 1855 tripodas
468 1783 618 1857 geminos,
635 1783 700 1839 auri
716 1784 775 1840 duo
791 1802 903 1859 magna
918 1783 1044 1854 talenta,

271 1885 389 1936 cratera
404 1879 573 1952 antiquum,
591 1898 679 1952 quem
695 1881 749 1937 dat
764 1880 890 1938 Sidonia
905 1881 996 1938 Dido.

271 1974 304 2033 Si
319 1995 392 2033 vero
406 1995 514 2050 capere
529 1977 650 2033 Italiam
666 1978 857 2051 sceptrisque
872 1978 964 2052 potiri

271 2075 433 2151 contigerit
447 2075 556 2131 victori
570 2079 601 2131 et
617 2076 748 2148 praedae
764 2075 863 2132 dicere
879 2081 1004 2146 sortem,

270 2173 375 2229 vidisti
389 2191 449 2247 quo
460 2173 582 2229 Turnus
597 2190 685 2246 equ0,
702 2174 813 2247 quibus
829 2174 894 2231 ibat
908 2174 938 2230 in
955 2174 1046 2231 armis

197 2276 256 2327 270
270 2287 398 2326 aureus:
422 2270 522 2343 ipsum
536 2270 631 2340 iilum,
644 2270 775 2344 clipeum
791 2272 959 2344 cristasque
975 2272 1112 2329 rubentis

269 2363 438 2440 4excipiam
452 2367 538 2436 sorti,
555 2367 614 2423 iam
630 2385 711 2426 nunc
726 2372 780 2425 tua
794 2368 941 2442 praemia,
958 2368 1044 2425 Nise.

270 2465 433 2521 Praeterea
448 2464 495 2520 bis
510 2483 566 2522 sex
580 2466 700 2540 genitor
715 2465 882 2522 lectissima
896 2470 1025 2522 matrum

271 2579 398 2635 corpora
413 2562 612 2635 captivosque
627 2562 714 2619 dabit
729 2580 843 2636 suaque
859 2564 999 2619 omnibus
1013 2544 1109 2633 arma,

271 2658 394 2732 insuper
408 2658 455 2714 his
470 2660 568 2732 campi
582 2656 681 2733 ⁵quod
694 2677 751 2715 rex
766 2660 859 2716 habet
873 2660 939 2734 ipse
954 2660 1092 2716 Latinus.

197 2762 254 2813 275
270 2756 314 2812 Te
330 2773 413 2823 vero,
429 2774 498 2811 mea
512 2773 601 2828 quem
617 2756 726 2830 spatiis
743 2757 936 2831 propioribus
952 2762 1038 2814 aetas

270 2852 449 2925 insequitur,
466 2853 639 2909 venerande
655 2871 741 2927 puer,
759 2854 818 2909 iam
835 2859 956 2927 pectore
972 2859 1038 2911 toto

270 2949 387 3022 accipio
402 2955 433 3007 et
447 2950 589 3006 comitem
603 2968 692 3007 casus
709 2950 894 3024 complector
909 2952 939 3007 in
954 2950 1062 3009 omnis.

270 3046 364 3102 Nulla
379 3046 454 3103 meis
470 3047 534 3103 sine
550 3033 580 3103 te
595 3053 758 3121 quaeretur
772 3048 870 3123 gloria
885 3048 993 3117 rebus3

271 3161 324 3200 seu
340 3162 446 3217 pacem
461 3162 515 3200 seu
530 3144 609 3200 bella
623 3163 739 3220 geram,
758 3145 813 3201 tibi
829 3146 963 3201 maxima
978 3163 1078 3202 rerum

197 3247 255 3297 280
270 3241 490 3315 verborumque
505 3241 603 3297 fides!
646 3240 761 3299 Contra
775 3260 866 3315 quem
880 3242 954 3299 talia
968 3244 1050 3299 tatur

240 3403 248 3435 ¹
262 3411 390 3463 actutum,
405 3395 457 3468 syn.
470 3403 619 3463 confestim,
632 3405 760 3465 protinus.

239 3484 305 3534 2cni
318 3523 323 3534 .
337 3522 342 3533 .
357 3525 362 3535 .
375 3487 492 3544 reducto,
505 3503 521 3533 a
534 3486 614 3534 clause
627 3486 681 3534 with
697 3498 754 3549 ego.
789 3488 833 3535 cui
845 3488 921 3552 refers
936 3495 958 3534 to
970 3502 1019 3549 ego
1034 3487 1188 3553 (Ascanius)
1201 3488 1247 3551 sor

196 3570 226 3617 its
238 3568 387 3619 antecedent.

238 3652 249 3684 3
261 3653 367 3711 Arisba,
378 3670 395 3700 a
407 3653 455 3718 city
468 3652 542 3701 whose
554 3651 657 3701 location
669 3652 691 3701 is
703 3654 827 3701 uncertain
834 3672 845 3711 ,¹
860 3652 968 3717 perhaps
983 3670 1043 3701 near
1055 3652 1163 3718 Abydos.

238 3735 250 3767 ⁴
262 3736 390 3797 excipiam
404 3738 467 3785 sorti
478 3760 501 3780 =
512 3745 616 3799 praeter
628 3745 726 3787 sortem
739 3739 814 3786 datho.
822 3767 855 3775 —
864 3740 991 3789 Scaurus

238 3818 250 3851 ⁶
262 3820 340 3881 quod.
374 3818 413 3868 Its
425 3820 566 3869 antecedent
578 3823 643 3882 isid,
655 3839 718 3886 upon
731 3822 805 3871 which
818 3823 855 3870 the
865 3841 917 3888 pen.
930 3823 1017 3885 campi
1030 3823 1145 3887 depends.
