2817 4300
555 388 674 434 snoau
698 387 895 434 nxraners.
1184 371 1246 438 147

195 560 321 617 adortus
336 558 496 628 Hercules,
510 559 603 615 sistro
617 576 714 615 aeneo
728 558 888 627 exterruit,
901 563 966 615 tum
980 558 1087 633 fugere
1099 562 1247 616 conantes

195 657 318 732 sagittis
333 656 498 714 interiecit.

578 787 639 844 rue
656 785 768 846 Oreiuu
782 786 864 843 Bali.

234 903 349 960 Bovem
365 902 458 959 mirae
474 902 691 976 magnitudinis
703 907 735 958 et
749 901 879 958 eximiae
895 901 1040 958 lormaee
1055 901 1129 958 mari
1145 903 1247 961 emisit

193 1000 358 1056 Poseidon.
403 999 494 1056 Hunc
516 998 685 1056 sacrificare
703 999 818 1068 Minos,
835 997 943 1056 Cretae
959 1016 1025 1067 rex,
1041 999 1145 1071 jussus
1160 1005 1244 1067 erat3

193 1102 302 1170 captus
324 1103 424 1153 autern
447 1097 535 1154 bovis
550 1097 663 1170 specie,
680 1097 774 1153 alium
788 1097 855 1169 ejus
871 1096 936 1153 vice
952 1096 1143 1153 sacrificavit.
1188 1098 1245 1154 Po-

193 1194 300 1251 seidon
323 1212 396 1251 vero
418 1195 526 1264 iratus,
551 1195 659 1252 bovem
684 1195 716 1252 in
739 1196 871 1251 l'urorem
893 1193 966 1269 egit.
1011 1194 1089 1250 Tum
1112 1195 1168 1251 bos
1192 1212 1246 1269 per

193 1297 291 1348 totam
312 1291 441 1348 insulam
465 1310 607 1367 magnam
628 1293 783 1349 hominurn
806 1296 941 1367 stragem
962 1291 1083 1360 edebat,
1101 1296 1132 1348 et
1150 1309 1244 1366 opera

194 1390 329 1464 agrestia
353 1390 577 1462 corrumpebat.
627 1390 719 1446 Hunc
740 1389 866 1446 tandem
887 1394 1009 1462 captum
1031 1388 1181 1446 Hercules
1204 1390 1243 1446 ad

194 1486 399 1560 Eurystheum
414 1487 559 1560 portavit.

509 1633 570 1690 Tire
585 1634 690 1690 Mores
704 1635 743 1706 of
757 1633 930 1691 Diomedes.

234 1743 411 1817 Diomedes,
427 1748 589 1804 Bistonum
610 1765 676 1817 rex,
694 1765 787 1820 equas
803 1765 894 1804 carne
909 1747 1063 1804 hominum
1084 1749 1242 1823 pascebat.

194 1844 342 1902 Hercules
357 1862 429 1901 vero
451 1862 545 1917 equas
567 1844 644 1901 clam
667 1844 805 1913 abstulit,
823 1850 854 1900 et
876 1843 914 1900 ad
936 1863 1017 1901 mare
1040 1845 1140 1902 duxit.
1185 1847 1245 1904 Hic

194 1950 294 1998 autem
310 1943 453 1999 Bistones
468 1960 536 1999 curn
548 1941 648 1998 adorti
663 1947 745 1998 sunt.
783 1940 844 1997 Diu
859 1947 1097 2018 pugnatumest.
1135 1944 1245 2000 Devic-

193 2039 233 2095 tis
255 2041 379 2096 tandem
401 2039 591 2107 BistonibuS,
608 2039 759 2097 Hercules
781 2057 884 2115 regem
905 2039 1071 2109 interfecit,
1089 2046 1120 2096 et
1134 2058 1245 2114 corpus

194 2137 330 2210 equabus
356 2137 451 2195 dedit.
495 2137 575 2194 Tum
599 2156 741 2195 reversus
766 2144 814 2194 est
839 2136 998 2194 incolumis
1024 2154 1118 2211 equas
1143 2155 1244 2196 secum

192 2235 319 2292 ducena.
377 2234 446 2292 Hae
474 2253 548 2292 vero
576 2236 807 2291 mansuefactae
836 2240 908 2291 sunt
935 2252 1025 2291 carne
1055 2234 1169 2291 domini
1197 2236 1244 2292 sui

193 2337 312 2406 pastae.

507 2428 567 2484 The
585 2427 689 2485 Girdlc
704 2429 743 2500 of
758 2428 930 2502 Hippolyte.

233 2527 413 2617 Hippolyte,
429 2542 623 2599 Amazonum
644 2542 761 2617 regina,
779 2560 888 2598 zonam
905 2542 1137 2616 pulcherrimam
1153 2543 1243 2600 habe·

192 2640 256 2697 bat.
301 2640 370 2697 Hac
398 2646 501 2696 autem
528 2639 620 2712 potiri
644 2638 770 2696 volebat
797 2640 941 2709 Admeto,
968 2640 1133 2715 Eurysthei
1162 2640 1242 2695 filia:

193 2736 294 2809 itaque
326 2737 476 2795 Hercules
507 2755 574 2793 eam
603 2743 761 2810 asportare
789 2738 893 2809 jussus
923 2742 979 2794 est.
1037 2737 1174 2793 Tandem
1204 2738 1244 2793 ad

192 2833 386 2890 Amazonum
408 2841 519 2892 terram
540 2834 690 2908 pervenit.
736 2834 784 2890 Ibi
810 2834 940 2907 primum
966 2834 1097 2909 benigue
1122 2835 1244 2907 excepit

193 2931 371 3007 Hippolyte,
389 2949 557 3004 zonamque
580 2930 730 3005 promisit,
749 2932 804 2987 sed
825 2937 929 2988 coorta
948 2932 1026 2996 rixa,
1044 2936 1150 2987 contra
1165 2931 1244 2987 Her-

193 3027 289 3084 culem
311 3030 486 3085 Amazones
509 3047 617 3085 manus
640 3033 892 3101 conseruerunt„
915 3028 973 3084 His
988 3027 1078 3085 victis
1097 3034 1129 3084 et
1142 3028 1244 3085 occisa

192 3124 361 3199 Hippolyte
376 3126 525 3183 Hercules
540 3143 619 3181 zona
633 3126 750 3199 potitus
766 3130 822 3182 est.

522 3284 581 3341 The
600 3282 682 3342 Occu
697 3285 736 3357 of
753 3283 914 3357 Geryones.

233 3397 392 3474 Geryones
406 3398 494 3475 gigas
506 3399 617 3473 triplici
632 3416 759 3473 corpore
775 3399 805 3454 in
821 3397 920 3455 insula
931 3397 1060 3473 Erythia
1071 3398 1241 3467 habitabat,

191 3496 303 3553 multos
325 3497 420 3553 boves
441 3496 575 3554 habebat
596 3497 687 3566 idem,
706 3514 724 3553 a
744 3496 868 3572 gigante
890 3496 1057 3571 Eurytione
1080 3500 1111 3552 et
1132 3514 1150 3553 a
1167 3513 1243 3553 caue

192 3594 316 3667 bicipite
341 3594 522 3652 custoditos.
567 3594 716 3651 Hercules
743 3594 790 3650 his
816 3593 907 3667 potiri
928 3593 1063 3661 volebat,
1087 3592 1190 3666 itaque
1212 3594 1242 3649 in

193 3691 320 3765 Libyam
344 3696 375 3748 et
396 3691 579 3765 Hispaniam
595 3692 751 3765 profectus
767 3698 825 3747 est.
869 3690 916 3747 Ibi
934 3691 971 3746 ad
987 3696 1146 3763 utrumque
1161 3690 1243 3747 latus

193 3788 284 3845 maris
299 3787 456 3845 columnas
472 3788 599 3845 statuit:
623 3788 670 3844 his
685 3788 779 3863 igitur
795 3804 904 3843 nornen
919 3786 1079 3843 Herculeis
1095 3785 1243 3845 columnis
