2817 4300
544 407 593 452 nn
616 407 732 453 annuo
755 406 880 453 crvmr.
1218 395 1238 456 3

185 576 303 636 debant
325 581 356 635 et
376 595 489 652 magno
512 595 638 634 numero
657 577 837 634 Albicorum
859 582 890 634 et
912 583 1069 652 pastorum
1092 579 1184 637 inter·

186 675 270 732 fecto
285 679 404 748 partem
419 674 541 731 navium
552 673 738 748 deprimunt,
752 673 914 730 nonnullas
929 692 996 731 cum
1011 661 1184 732 hominibus

187 771 323 845 capiunt,
348 771 481 844 reliquas
505 771 535 827 in
558 776 679 846 portum
703 770 899 845 compellunt.
944 772 991 828 Eo
1013 772 1062 829 die
1087 790 1183 831 naves

113 886 116 893 ·
186 867 427 924 Massiliensium
442 885 509 924 cum
525 867 562 924 iis
577 885 655 941 quae
671 872 744 924 sunt
758 872 867 941 captae
882 868 1035 926 intereunt
1049 885 1131 925 ruri.

444 1137 544 1194 Lissa
566 1136 742 1206 Sucuunrm,
766 1135 843 1194 Car.
874 1138 985 1194 I-VH.

276 1283 429 1340 Iucidcuts
443 1285 476 1340 ia
492 1284 538 1340 tte
553 1283 721 1358 Sea-Fara
734 1285 768 1339 ia
782 1284 829 1340 tte
844 1283 932 1359 Siepc
946 1287 985 1358 of
999 1285 1153 1344 Massilia.

226 1431 254 1488 Ι.
284 1433 366 1489 Dum
380 1433 456 1490 haec
471 1432 502 1488 in
514 1432 666 1506 Hispania
680 1436 838 1507 geruntur,
855 1431 892 1489 C.
908 1433 1079 1490 Trebonius
1100 1434 1183 1510 lega·
1219 1443 1236 1491 5

186 1534 246 1598 tus,
263 1529 316 1602 qui
330 1530 369 1586 ad
385 1529 646 1605 oppugnationem
659 1528 819 1586 Massiliae
834 1527 958 1587 relictus
973 1535 1049 1599 erat,
1063 1531 1182 1588 duabus

187 1644 226 1682 ex
240 1626 378 1700 partibus
394 1645 549 1703 aggerem,
566 1626 673 1683 vineas
687 1630 846 1699 turresque
864 1627 904 1682 ad
924 1626 1071 1701 oppidum
1093 1646 1182 1704 agere
1232 1693 1235 1696 ⁴

186 1723 329 1781 instituit.
373 1719 460 1782 1Una
481 1728 547 1780 erat
568 1723 708 1797 proxima
722 1723 822 1797 portui
838 1723 1069 1798 navalibusque,
1087 1724 1183 1782 altera

186 1821 226 1878 ad
241 1826 358 1894 partem
373 1838 433 1894 qua
449 1825 496 1878 est
511 1821 612 1877 aditus
627 1839 667 1876 cx
682 1818 785 1878 Gallia
799 1826 890 1894 atque
911 1821 1074 1896 Hispania,
1091 1823 1130 1879 ad
1152 1823 1183 1879 id

186 1936 268 1974 mare
292 1919 374 1990 quod
398 1919 521 1991 adjacet
544 1918 583 1974 ad
606 1917 719 1981 ostium
741 1917 893 1974 Rhodani.
938 1919 1079 1975 Massilia
1102 1921 1182 1976 enim
1199 1925 1236 1975 10

186 2015 251 2072 fere
280 2033 320 2072 ex
349 2014 446 2072 tribus
474 2015 579 2089 oppidi
608 2014 748 2088 partibus
775 2015 851 2070 mari
878 2011 1035 2084 ²alluitur3
1067 2017 1183 2090 reliqua

187 2117 296 2186 quarta
317 2117 366 2170 est
387 2108 465 2186 quae
488 2112 605 2169 aditum
625 2112 738 2170 habeat
752 2111 791 2169 ab
806 2117 897 2169 terra.
941 2112 1045 2186 Hujus
1062 2131 1182 2189 quoque

186 2210 278 2284 spatii
293 2228 364 2284 pars
380 2228 417 2267 ea
431 2228 508 2283 quae
523 2211 562 2267 ad
577 2228 677 2267 arcem
693 2210 837 2283 pertinet,
854 2208 913 2267 loci
929 2216 1038 2267 natura
1060 2216 1091 2268 et
1104 2212 1183 2268 valle

188 2307 337 2364 altissima
367 2307 484 2364 munita
511 2307 635 2382 longam
664 2312 695 2364 et
722 2306 875 2364 difficilem
902 2308 995 2365 habet
1025 2326 1181 2383 oppugna·

186 2406 311 2463 tionem.
355 2405 408 2461 Ad
429 2423 466 2462 ea
487 2404 672 2479 perficienda
686 2422 781 2479 opera
795 2402 831 2461 C.
845 2404 1017 2461 Trebonius
1038 2423 1182 2481 magnum
1199 2414 1235 2462 15

186 2504 391 2575 jumentorum
431 2508 521 2575 atque
561 2500 718 2558 hominum
758 2500 984 2558 multitudinem
1023 2521 1063 2559 ex
1100 2502 1183 2559 omni

186 2600 343 2673 provincia
357 2604 466 2668 vocat3
488 2595 619 2656 ⁸vimina
636 2598 855 2672 materiamque
877 2600 1061 2673 comportari
1081 2601 1179 2673 jubet.

186 2696 302 2769 Quibus
324 2696 509 2771 comparatis
530 2694 621 2753 rebus
644 2713 785 2771 aggerem
806 2696 837 2751 in
859 2694 1050 2753 altitudinem
1071 2698 1182 2771 pedum

186 2812 273 2851 Lxxx
296 2793 438 2851 exstruit.
482 2793 526 2850 Π.
552 2791 613 2851 Sed
627 2795 707 2850 tanti
721 2798 809 2849 erant
825 2793 995 2865 antiquitus
1016 2794 1047 2849 in
1068 2795 1183 2867 oppido

185 2892 320 2947 omnium
337 2908 437 2947 rerum
462 2891 501 2947 ad
526 2890 636 2947 bellum
660 2895 827 2964 apparatus
848 2895 994 2963 tantaque
1020 2890 1183 2948 multitudo
1197 2900 1236 2949 20

186 2985 434 3058 ‘tormentorum
451 2992 485 3043 ut
502 3005 607 3045 eorum
627 2988 690 3044 vim
712 2985 812 3043 nullae
834 2991 996 3044 contextae
1017 2988 1182 3045 viminibus

186 3086 292 3142 vineae
328 3085 478 3142 sustinere
507 3089 644 3159 possent.
703 3081 852 3141 ⁵Asseres
883 3085 963 3140 enim
994 3085 1106 3158 pedum
1134 3103 1183 3141 xrr

184 3178 378 3256 6cuspidibus
400 3182 538 3256 praefixi,
566 3188 657 3255 atquc
682 3182 712 3238 hi
737 3181 879 3237 maximis
903 3178 1052 3238 ⁷ballistis
1083 3182 1180 3253 missi,

491 3307 500 3339 ¹
512 3325 572 3369 una,
586 3307 739 3357 understand
750 3324 818 3370 pars.

490 3392 501 3425 2
514 3394 631 3453 alluitur,
643 3392 664 3440 is
676 3390 776 3439 wasbed
789 3391 920 3456 (apuinst).

491 3474 502 3507 ⁸
514 3476 621 3535 vimina,
634 3476 709 3539 twr'ps.

490 3557 501 3589 4
514 3563 713 3616 tormentorum,
725 3556 829 3621 enpines.

491 3638 501 3670 ⁵
512 3655 620 3699 asseres,
633 3640 720 3688 teams.

490 3722 501 3755 ⁶
513 3723 673 3785 cuspidibus,
685 3720 769 3782 leude,
779 3721 867 3786 points.

491 3804 501 3836 ⁷
513 3806 626 3853 ballistis
642 3804 816 3868 (catapultis),
828 3804 931 3869 supinas.
