<?xml version="1.0" encoding="UTF-8"?>
<!DOCTYPE html PUBLIC "-//W3C//DTD XHTML 1.0 Transitional//EN"
    "http://www.w3.org/TR/xhtml1/DTD/xhtml1-transitional.dtd">
<html xmlns="http://www.w3.org/1999/xhtml" xml:lang="en" lang="en">
 <head>
  <title>
</title>
<meta http-equiv="Content-Type" content="text/html;charset=utf-8" />
  <meta name='ocr-system' content='tesseract 3.04.00' />
  <meta name='ocr-capabilities' content='ocr_page ocr_carea ocr_par ocr_line ocrx_word'/>
</head>
<body>
  <div class='ocr_page' id='page_1' title='image "./selectionsfroml01tomlgoog_0185.png"; bbox 0 0 2817 4300; ppageno 0'>
   <div class='ocr_carea' id='block_1_1' title="bbox 551 363 1244 429">
    <p class='ocr_par' dir='ltr' id='par_1_1' title="bbox 551 363 1244 429">
     <span class='ocr_line' id='line_1_1' title="bbox 551 363 1244 429; baseline -0.004 0"><span class='ocrx_word' id='word_1_1' title='bbox 551 382 669 429; x_wconf 81' lang='lat' dir='ltr'>snoar</span> <span class='ocrx_word' id='word_1_2' title='bbox 692 381 892 428; x_wconf 75' lang='lat' dir='ltr'>nxrnaors.</span> <span class='ocrx_word' id='word_1_3' title='bbox 1183 363 1244 426; x_wconf 81' lang='grc'>165</span> 
     </span>
    </p>
   </div>
   <div class='ocr_carea' id='block_1_2' title="bbox 168 550 1250 2185">
    <p class='ocr_par' dir='ltr' id='par_1_2' title="bbox 168 550 1250 2185">
     <span class='ocr_line' id='line_1_2' title="bbox 168 550 1246 629; baseline -0.003 -20"><span class='ocrx_word' id='word_1_4' title='bbox 168 610 171 615; x_wconf 83' lang='grc'><strong>,</strong></span> <span class='ocrx_word' id='word_1_5' title='bbox 194 553 297 629; x_wconf 86' lang='lat' dir='ltr'>gando</span> <span class='ocrx_word' id='word_1_6' title='bbox 318 551 393 610; x_wconf 89' lang='lat' dir='ltr'>nihil</span> <span class='ocrx_word' id='word_1_7' title='bbox 414 569 505 628; x_wconf 83' lang='lat' dir='ltr'>agere</span> <span class='ocrx_word' id='word_1_8' title='bbox 526 552 642 623; x_wconf 87' lang='lat' dir='ltr'>dicant,</span> <span class='ocrx_word' id='word_1_9' title='bbox 659 569 728 610; x_wconf 90' lang='lat' dir='ltr'>cum</span> <span class='ocrx_word' id='word_1_10' title='bbox 750 551 802 609; x_wconf 89' lang='lat' dir='ltr'>alii</span> <span class='ocrx_word' id='word_1_11' title='bbox 823 551 920 608; x_wconf 90' lang='lat' dir='ltr'>malos</span> <span class='ocrx_word' id='word_1_12' title='bbox 942 552 1102 620; x_wconf 78' lang='lat' dir='ltr'>scandant,</span> <span class='ocrx_word' id='word_1_13' title='bbox 1120 550 1172 608; x_wconf 88' lang='lat' dir='ltr'>alii</span> <span class='ocrx_word' id='word_1_14' title='bbox 1191 567 1246 625; x_wconf 90' lang='lat' dir='ltr'>per</span> 
     </span>
     <span class='ocr_line' id='line_1_3' title="bbox 194 649 1245 720; baseline -0.003 -14"><span class='ocrx_word' id='word_1_15' title='bbox 194 651 280 706; x_wconf 85' lang='lat' dir='ltr'>foros</span> <span class='ocrx_word' id='word_1_16' title='bbox 302 657 436 720; x_wconf 89' lang='lat' dir='ltr'>cursent,</span> <span class='ocrx_word' id='word_1_17' title='bbox 460 650 511 706; x_wconf 90' lang='lat' dir='ltr'>alii</span> <span class='ocrx_word' id='word_1_18' title='bbox 533 651 686 707; x_wconf 79' lang='lat' dir='ltr'>sentinam</span> <span class='ocrx_word' id='word_1_19' title='bbox 707 649 901 717; x_wconf 84' lang='lat' dir='ltr'>exhauriant,</span> <span class='ocrx_word' id='word_1_20' title='bbox 925 649 974 705; x_wconf 89' lang='lat' dir='ltr'>ille</span> <span class='ocrx_word' id='word_1_21' title='bbox 996 649 1116 705; x_wconf 86' lang='lat' dir='ltr'>clavum</span> <span class='ocrx_word' id='word_1_22' title='bbox 1137 653 1245 704; x_wconf 89' lang='lat' dir='ltr'>tenens</span> 
     </span>
     <span class='ocr_line' id='line_1_4' title="bbox 195 747 1246 822; baseline 0 -20"><span class='ocrx_word' id='word_1_23' title='bbox 195 747 316 819; x_wconf 90' lang='lat' dir='ltr'>quietus</span> <span class='ocrx_word' id='word_1_24' title='bbox 328 749 434 805; x_wconf 86' lang='lat' dir='ltr'>sedeat</span> <span class='ocrx_word' id='word_1_25' title='bbox 449 749 480 804; x_wconf 94' lang='lat' dir='ltr'>in</span> <span class='ocrx_word' id='word_1_26' title='bbox 494 748 600 822; x_wconf 91' lang='lat' dir='ltr'>puppi.</span> <span class='ocrx_word' id='word_1_27' title='bbox 632 747 717 804; x_wconf 90' lang='lat' dir='ltr'>·Non</span> <span class='ocrx_word' id='word_1_28' title='bbox 731 748 805 804; x_wconf 81' lang='lat' dir='ltr'>lacit</span> <span class='ocrx_word' id='word_1_29' title='bbox 820 765 856 804; x_wconf 90' lang='lat' dir='ltr'>ea</span> <span class='ocrx_word' id='word_1_30' title='bbox 870 764 947 820; x_wconf 88' lang='lat' dir='ltr'>quae</span> <span class='ocrx_word' id='word_1_31' title='bbox 962 747 1109 819; x_wconf 83' lang='lat' dir='ltr'>juvenes:</span> <span class='ocrx_word' id='word_1_32' title='bbox 1126 751 1246 802; x_wconf 89' lang='lat' dir='ltr'>atvero</span> 
     </span>
     <span class='ocr_line' id='line_1_5' title="bbox 195 843 1247 916; baseline -0.001 -17"><span class='ocrx_word' id='word_1_33' title='bbox 195 845 313 916; x_wconf 87' lang='lat' dir='ltr'>majora</span> <span class='ocrx_word' id='word_1_34' title='bbox 341 851 373 901; x_wconf 88' lang='lat' dir='ltr'>et</span> <span class='ocrx_word' id='word_1_35' title='bbox 400 845 526 902; x_wconf 83' lang='lat' dir='ltr'>meliora</span> <span class='ocrx_word' id='word_1_36' title='bbox 553 845 638 902; x_wconf 81' lang='lat' dir='ltr'>facit.</span> <span class='ocrx_word' id='word_1_37' title='bbox 682 844 755 902; x_wconf 88' lang='lat' dir='ltr'>Non</span> <span class='ocrx_word' id='word_1_38' title='bbox 782 844 898 903; x_wconf 87' lang='lat' dir='ltr'>viribus</span> <span class='ocrx_word' id='word_1_39' title='bbox 927 849 980 900; x_wconf 92' lang='lat' dir='ltr'>aut</span> <span class='ocrx_word' id='word_1_40' title='bbox 1007 843 1169 902; x_wconf 87' lang='lat' dir='ltr'>velocitate</span> <span class='ocrx_word' id='word_1_41' title='bbox 1195 848 1247 899; x_wconf 90' lang='lat' dir='ltr'>aut</span> 
     </span>
     <span class='ocr_line' id='line_1_6' title="bbox 195 940 1244 1018; baseline -0.003 -20"><span class='ocrx_word' id='word_1_42' title='bbox 195 941 351 998; x_wconf 87' lang='lat' dir='ltr'>celeritate</span> <span class='ocrx_word' id='word_1_43' title='bbox 387 959 547 1016; x_wconf 90' lang='lat' dir='ltr'>corporum</span> <span class='ocrx_word' id='word_1_44' title='bbox 580 959 630 999; x_wconf 91' lang='lat' dir='ltr'>res</span> <span class='ocrx_word' id='word_1_45' title='bbox 664 959 793 1017; x_wconf 85' lang='lat' dir='ltr'>magnae</span> <span class='ocrx_word' id='word_1_46' title='bbox 827 946 985 1018; x_wconf 85' lang='lat' dir='ltr'>geruntur,</span> <span class='ocrx_word' id='word_1_47' title='bbox 1016 942 1071 998; x_wconf 90' lang='lat' dir='ltr'>sed</span> <span class='ocrx_word' id='word_1_48' title='bbox 1105 940 1244 1009; x_wconf 90' lang='lat' dir='ltr'>oonsilio,</span> 
     </span>
     <span class='ocr_line' id='line_1_7' title="bbox 196 1038 1247 1112; baseline 0 -18"><span class='ocrx_word' id='word_1_49' title='bbox 196 1039 390 1108; x_wconf 85' lang='lat' dir='ltr'>auctoritate,</span> <span class='ocrx_word' id='word_1_50' title='bbox 416 1040 588 1102; x_wconf 87' lang='lat' dir='ltr'>sententia;</span> <span class='ocrx_word' id='word_1_51' title='bbox 619 1041 730 1112; x_wconf 91' lang='lat' dir='ltr'>quibus</span> <span class='ocrx_word' id='word_1_52' title='bbox 756 1057 818 1096; x_wconf 95' lang='lat' dir='ltr'>non</span> <span class='ocrx_word' id='word_1_53' title='bbox 842 1039 933 1096; x_wconf 90' lang='lat' dir='ltr'>modo</span> <span class='ocrx_word' id='word_1_54' title='bbox 963 1057 1024 1095; x_wconf 92' lang='lat' dir='ltr'>non</span> <span class='ocrx_word' id='word_1_55' title='bbox 1051 1038 1164 1106; x_wconf 89' lang='lat' dir='ltr'>orbari,</span> <span class='ocrx_word' id='word_1_56' title='bbox 1192 1038 1247 1094; x_wconf 88' lang='lat' dir='ltr'>sed</span> 
     </span>
     <span class='ocr_line' id='line_1_8' title="bbox 196 1135 1248 1213; baseline 0.002 -21"><span class='ocrx_word' id='word_1_57' title='bbox 196 1136 289 1193; x_wconf 89' lang='lat' dir='ltr'>etiam</span> <span class='ocrx_word' id='word_1_58' title='bbox 312 1137 417 1213; x_wconf 85' lang='lat' dir='ltr'>augeri</span> <span class='ocrx_word' id='word_1_59' title='bbox 439 1143 581 1195; x_wconf 89' lang='lat' dir='ltr'>senectus</span> <span class='ocrx_word' id='word_1_60' title='bbox 604 1136 693 1194; x_wconf 88' lang='lat' dir='ltr'>solet.</span> <span class='ocrx_word' id='word_1_61' title='bbox 738 1137 808 1196; x_wconf 91' lang='lat' dir='ltr'>Nisi</span> <span class='ocrx_word' id='word_1_62' title='bbox 831 1138 910 1194; x_wconf 84' lang='lat' dir='ltr'>forte</span> <span class='ocrx_word' id='word_1_63' title='bbox 933 1155 991 1212; x_wconf 85' lang='lat' dir='ltr'>ego</span> <span class='ocrx_word' id='word_1_64' title='bbox 1013 1136 1113 1206; x_wconf 89' lang='lat' dir='ltr'>vobis,</span> <span class='ocrx_word' id='word_1_65' title='bbox 1136 1135 1188 1209; x_wconf 93' lang='lat' dir='ltr'>qui</span> <span class='ocrx_word' id='word_1_66' title='bbox 1217 1143 1248 1194; x_wconf 91' lang='lat' dir='ltr'>et</span> 
     </span>
     <span class='ocr_line' id='line_1_9' title="bbox 196 1233 1248 1312; baseline 0.001 -23"><span class='ocrx_word' id='word_1_67' title='bbox 196 1234 284 1290; x_wconf 91' lang='lat' dir='ltr'>miles</span> <span class='ocrx_word' id='word_1_68' title='bbox 305 1239 338 1292; x_wconf 92' lang='lat' dir='ltr'>et</span> <span class='ocrx_word' id='word_1_69' title='bbox 350 1235 490 1292; x_wconf 85' lang='lat' dir='ltr'>tribunus</span> <span class='ocrx_word' id='word_1_70' title='bbox 505 1241 537 1292; x_wconf 88' lang='lat' dir='ltr'>et</span> <span class='ocrx_word' id='word_1_71' title='bbox 550 1235 670 1312; x_wconf 85' lang='lat' dir='ltr'>legatus</span> <span class='ocrx_word' id='word_1_72' title='bbox 691 1240 724 1292; x_wconf 88' lang='lat' dir='ltr'>et</span> <span class='ocrx_word' id='word_1_73' title='bbox 745 1235 851 1292; x_wconf 90' lang='lat' dir='ltr'>consul</span> <span class='ocrx_word' id='word_1_74' title='bbox 866 1241 1006 1292; x_wconf 83' lang='lat' dir='ltr'>versatus</span> <span class='ocrx_word' id='word_1_75' title='bbox 1028 1251 1095 1291; x_wconf 91' lang='lat' dir='ltr'>sum</span> <span class='ocrx_word' id='word_1_76' title='bbox 1116 1233 1147 1289; x_wconf 94' lang='lat' dir='ltr'>in</span> <span class='ocrx_word' id='word_1_77' title='bbox 1162 1233 1248 1290; x_wconf 88' lang='lat' dir='ltr'>vario</span> 
     </span>
     <span class='ocr_line' id='line_1_10' title="bbox 197 1331 1244 1406; baseline -0.002 -18"><span class='ocrx_word' id='word_1_78' title='bbox 197 1349 309 1406; x_wconf 85' lang='lat' dir='ltr'>genere</span> <span class='ocrx_word' id='word_1_79' title='bbox 330 1332 489 1402; x_wconf 91' lang='lat' dir='ltr'>bellorum,</span> <span class='ocrx_word' id='word_1_80' title='bbox 513 1350 634 1390; x_wconf 91' lang='lat' dir='ltr'>cessare</span> <span class='ocrx_word' id='word_1_81' title='bbox 656 1350 738 1389; x_wconf 91' lang='lat' dir='ltr'>nunc</span> <span class='ocrx_word' id='word_1_82' title='bbox 760 1333 865 1390; x_wconf 87' lang='lat' dir='ltr'>videor</span> <span class='ocrx_word' id='word_1_83' title='bbox 886 1350 955 1390; x_wconf 90' lang='lat' dir='ltr'>cum</span> <span class='ocrx_word' id='word_1_84' title='bbox 976 1331 1056 1388; x_wconf 87' lang='lat' dir='ltr'>bella</span> <span class='ocrx_word' id='word_1_85' title='bbox 1077 1349 1139 1388; x_wconf 92' lang='lat' dir='ltr'>non</span> <span class='ocrx_word' id='word_1_86' title='bbox 1161 1348 1244 1406; x_wconf 83' lang='lat' dir='ltr'>gero.</span> 
     </span>
     <span class='ocr_line' id='line_1_11' title="bbox 197 1411 1248 1506; baseline -0.004 -18"><span class='ocrx_word' id='word_1_87' title='bbox 197 1433 243 1488; x_wconf 87' lang='lat' dir='ltr'>At</span> <span class='ocrx_word' id='word_1_88' title='bbox 257 1431 378 1488; x_wconf 89' lang='lat' dir='ltr'>senatui</span> <span class='ocrx_word' id='word_1_89' title='bbox 392 1439 470 1503; x_wconf 88' lang='lat' dir='ltr'>quae</span> <span class='ocrx_word' id='word_1_90' title='bbox 485 1431 548 1487; x_wconf 92' lang='lat' dir='ltr'>sint</span> <span class='ocrx_word' id='word_1_91' title='bbox 561 1431 696 1506; x_wconf 86' lang='lat' dir='ltr'>gerenda</span> <span class='ocrx_word' id='word_1_92' title='bbox 711 1430 897 1503; x_wconf 84' lang='lat' dir='ltr'>praescribo,</span> <span class='ocrx_word' id='word_1_93' title='bbox 914 1434 946 1486; x_wconf 91' lang='lat' dir='ltr'>et</span> <span class='ocrx_word' id='word_1_94' title='bbox 960 1411 1146 1502; x_wconf 69' lang='lat' dir='ltr'>quo&#39;modo:</span> <span class='ocrx_word' id='word_1_95' title='bbox 1169 1429 1248 1484; x_wconf 91' lang='lat' dir='ltr'>Kar-</span> 
     </span>
     <span class='ocr_line' id='line_1_12' title="bbox 198 1526 1246 1606; baseline -0.005 -19"><span class='ocrx_word' id='word_1_96' title='bbox 198 1528 317 1606; x_wconf 81' lang='lat' dir='ltr'>thagini</span> <span class='ocrx_word' id='word_1_97' title='bbox 331 1527 409 1584; x_wconf 89' lang='lat' dir='ltr'>male</span> <span class='ocrx_word' id='word_1_98' title='bbox 421 1529 484 1601; x_wconf 89' lang='lat' dir='ltr'>jam</span> <span class='ocrx_word' id='word_1_99' title='bbox 500 1528 553 1584; x_wconf 87' lang='lat' dir='ltr'>diu</span> <span class='ocrx_word' id='word_1_100' title='bbox 573 1527 723 1603; x_wconf 81' lang='lat' dir='ltr'>cogitanti</span> <span class='ocrx_word' id='word_1_101' title='bbox 744 1527 857 1584; x_wconf 88' lang='lat' dir='ltr'>bellurn</span> <span class='ocrx_word' id='word_1_102' title='bbox 878 1526 973 1583; x_wconf 90' lang='lat' dir='ltr'>multo</span> <span class='ocrx_word' id='word_1_103' title='bbox 995 1531 1066 1583; x_wconf 91' lang='lat' dir='ltr'>ante</span> <span class='ocrx_word' id='word_1_104' title='bbox 1087 1526 1246 1595; x_wconf 87' lang='lat' dir='ltr'>denuntio,</span> 
     </span>
     <span class='ocr_line' id='line_1_13' title="bbox 198 1615 1248 1700; baseline -0.005 -16"><span class='ocrx_word' id='word_1_105' title='bbox 198 1627 237 1684; x_wconf 91' lang='lat' dir='ltr'>de</span> <span class='ocrx_word' id='word_1_106' title='bbox 259 1644 320 1700; x_wconf 90' lang='lat' dir='ltr'>qua</span> <span class='ocrx_word' id='word_1_107' title='bbox 344 1615 443 1682; x_wconf 79' lang='lat' dir='ltr'>vereri</span> <span class='ocrx_word' id='word_1_108' title='bbox 465 1643 527 1681; x_wconf 92' lang='lat' dir='ltr'>non</span> <span class='ocrx_word' id='word_1_109' title='bbox 550 1630 621 1682; x_wconf 87' lang='lat' dir='ltr'>ante</span> <span class='ocrx_word' id='word_1_110' title='bbox 647 1624 786 1682; x_wconf 88' lang='lat' dir='ltr'>desinam</span> <span class='ocrx_word' id='word_1_111' title='bbox 810 1641 901 1697; x_wconf 92' lang='lat' dir='ltr'>quam</span> <span class='ocrx_word' id='word_1_112' title='bbox 923 1623 1005 1680; x_wconf 86' lang='lat' dir='ltr'>illam</span> <span class='ocrx_word' id='word_1_113' title='bbox 1027 1623 1162 1681; x_wconf 87' lang='lat' dir='ltr'>excisam</span> <span class='ocrx_word' id='word_1_114' title='bbox 1180 1641 1248 1680; x_wconf 88' lang='lat' dir='ltr'>csse</span> 
     </span>
     <span class='ocr_line' id='line_1_14' title="bbox 199 1713 1247 1800; baseline -0.006 -18"><span class='ocrx_word' id='word_1_115' title='bbox 199 1740 382 1800; x_wconf 84' lang='lat' dir='ltr'>cognovere.</span> <span class='ocrx_word' id='word_1_116' title='bbox 427 1713 531 1795; x_wconf 81' lang='lat' dir='ltr'>Quam</span> <span class='ocrx_word' id='word_1_117' title='bbox 550 1721 682 1796; x_wconf 90' lang='lat' dir='ltr'>palmam</span> <span class='ocrx_word' id='word_1_118' title='bbox 707 1723 823 1779; x_wconf 88' lang='lat' dir='ltr'>utinam</span> <span class='ocrx_word' id='word_1_119' title='bbox 853 1721 894 1778; x_wconf 91' lang='lat' dir='ltr'>Di</span> <span class='ocrx_word' id='word_1_120' title='bbox 921 1721 1110 1789; x_wconf 76' lang='lat' dir='ltr'>inmortaleS,</span> <span class='ocrx_word' id='word_1_121' title='bbox 1136 1719 1247 1793; x_wconf 87' lang='lat' dir='ltr'>Scipi0,</span> 
     </span>
     <span class='ocr_line' id='line_1_15' title="bbox 198 1819 1248 1893; baseline -0.003 -15"><span class='ocrx_word' id='word_1_122' title='bbox 198 1822 256 1879; x_wconf 87' lang='lat' dir='ltr'>tibi</span> <span class='ocrx_word' id='word_1_123' title='bbox 279 1825 447 1888; x_wconf 85' lang='lat' dir='ltr'>reservent,</span> <span class='ocrx_word' id='word_1_124' title='bbox 474 1825 509 1876; x_wconf 91' lang='lat' dir='ltr'>ut</span> <span class='ocrx_word' id='word_1_125' title='bbox 531 1820 582 1876; x_wconf 88' lang='lat' dir='ltr'>avi</span> <span class='ocrx_word' id='word_1_126' title='bbox 605 1819 748 1892; x_wconf 89' lang='lat' dir='ltr'>reliquias</span> <span class='ocrx_word' id='word_1_127' title='bbox 773 1819 974 1893; x_wconf 78' lang='lat' dir='ltr'>persequare!</span> <span class='ocrx_word' id='word_1_128' title='bbox 1005 1821 1090 1892; x_wconf 89' lang='lat' dir='ltr'>cujus</span> <span class='ocrx_word' id='word_1_129' title='bbox 1112 1837 1130 1876; x_wconf 91' lang='lat' dir='ltr'>a</span> <span class='ocrx_word' id='word_1_130' title='bbox 1152 1823 1248 1875; x_wconf 90' lang='lat' dir='ltr'>morte</span> 
     </span>
     <span class='ocr_line' id='line_1_16' title="bbox 199 1915 1250 1976; baseline -0.005 0"><span class='ocrx_word' id='word_1_131' title='bbox 199 1923 307 1976; x_wconf 87' lang='lat' dir='ltr'>sextus</span> <span class='ocrx_word' id='word_1_132' title='bbox 320 1917 370 1975; x_wconf 93' lang='lat' dir='ltr'>hic</span> <span class='ocrx_word' id='word_1_133' title='bbox 384 1922 416 1974; x_wconf 90' lang='lat' dir='ltr'>et</span> <span class='ocrx_word' id='word_1_134' title='bbox 430 1917 600 1974; x_wconf 89' lang='lat' dir='ltr'>tricesimus</span> <span class='ocrx_word' id='word_1_135' title='bbox 616 1934 714 1972; x_wconf 85' lang='lat' dir='ltr'>annus</span> <span class='ocrx_word' id='word_1_136' title='bbox 734 1921 800 1974; x_wconf 86' lang='lat' dir='ltr'>est:</span> <span class='ocrx_word' id='word_1_137' title='bbox 823 1917 878 1973; x_wconf 89' lang='lat' dir='ltr'>sed</span> <span class='ocrx_word' id='word_1_138' title='bbox 901 1917 1076 1972; x_wconf 89' lang='lat' dir='ltr'>memoriam</span> <span class='ocrx_word' id='word_1_139' title='bbox 1097 1915 1177 1972; x_wconf 91' lang='lat' dir='ltr'>illius</span> <span class='ocrx_word' id='word_1_140' title='bbox 1192 1915 1250 1972; x_wconf 90' lang='lat' dir='ltr'>viri</span> 
     </span>
     <span class='ocr_line' id='line_1_17' title="bbox 198 2014 1249 2088; baseline -0.006 -14"><span class='ocrx_word' id='word_1_141' title='bbox 198 2033 305 2074; x_wconf 90' lang='lat' dir='ltr'>omnes</span> <span class='ocrx_word' id='word_1_142' title='bbox 330 2014 485 2088; x_wconf 86' lang='lat' dir='ltr'>excipient</span> <span class='ocrx_word' id='word_1_143' title='bbox 507 2014 581 2070; x_wconf 94' lang='lat' dir='ltr'>anni</span> <span class='ocrx_word' id='word_1_144' title='bbox 605 2021 838 2087; x_wconf 75' lang='lat' dir='ltr'>consequentes</span> <span class='ocrx_word' id='word_1_145' title='bbox 883 2014 976 2070; x_wconf 90' lang='lat' dir='ltr'>Anno</span> <span class='ocrx_word' id='word_1_146' title='bbox 1005 2019 1076 2070; x_wconf 90' lang='lat' dir='ltr'>ante</span> <span class='ocrx_word' id='word_1_147' title='bbox 1104 2031 1151 2070; x_wconf 88' lang='lat' dir='ltr'>me</span> <span class='ocrx_word' id='word_1_148' title='bbox 1180 2030 1249 2070; x_wconf 90' lang='lat' dir='ltr'>cen-</span> 
     </span>
     <span class='ocr_line' id='line_1_18' title="bbox 199 2111 1247 2185; baseline -0.005 -13"><span class='ocrx_word' id='word_1_149' title='bbox 199 2131 300 2172; x_wconf 88' lang='lat' dir='ltr'>sorem</span> <span class='ocrx_word' id='word_1_150' title='bbox 324 2117 461 2170; x_wconf 90' lang='lat' dir='ltr'>mortuus</span> <span class='ocrx_word' id='word_1_151' title='bbox 484 2116 543 2182; x_wconf 87' lang='lat' dir='ltr'>est,</span> <span class='ocrx_word' id='word_1_152' title='bbox 568 2129 677 2169; x_wconf 89' lang='lat' dir='ltr'>novem</span> <span class='ocrx_word' id='word_1_153' title='bbox 703 2111 792 2168; x_wconf 91' lang='lat' dir='ltr'>annis</span> <span class='ocrx_word' id='word_1_154' title='bbox 821 2116 892 2185; x_wconf 91' lang='lat' dir='ltr'>post</span> <span class='ocrx_word' id='word_1_155' title='bbox 920 2128 1020 2168; x_wconf 85' lang='lat' dir='ltr'>meum</span> <span class='ocrx_word' id='word_1_156' title='bbox 1045 2111 1247 2180; x_wconf 90' lang='lat' dir='ltr'>consulatum,</span> 
     </span>
    </p>
   </div>
   <div class='ocr_carea' id='block_1_3' title="bbox 154 2209 1251 2773">
    <p class='ocr_par' dir='ltr' id='par_1_3' title="bbox 154 2209 1251 2773">
     <span class='ocr_line' id='line_1_19' title="bbox 154 2209 1249 2285; baseline -0.004 -16"><span class='ocrx_word' id='word_1_157' title='bbox 154 2214 157 2221; x_wconf 83' lang='lat'>&#39;</span> <span class='ocrx_word' id='word_1_158' title='bbox 198 2230 268 2269; x_wconf 90' lang='lat' dir='ltr'>cum</span> <span class='ocrx_word' id='word_1_159' title='bbox 283 2211 390 2269; x_wconf 92' lang='lat' dir='ltr'>consul</span> <span class='ocrx_word' id='word_1_160' title='bbox 404 2211 514 2268; x_wconf 88' lang='lat' dir='ltr'>iterum</span> <span class='ocrx_word' id='word_1_161' title='bbox 528 2228 575 2267; x_wconf 90' lang='lat' dir='ltr'>me</span> <span class='ocrx_word' id='word_1_162' title='bbox 590 2209 715 2267; x_wconf 88' lang='lat' dir='ltr'>consule</span> <span class='ocrx_word' id='word_1_163' title='bbox 730 2217 851 2267; x_wconf 85' lang='lat' dir='ltr'>creatus</span> <span class='ocrx_word' id='word_1_164' title='bbox 866 2216 959 2266; x_wconf 89' lang='lat' dir='ltr'>esset.</span> <span class='ocrx_word' id='word_1_165' title='bbox 1004 2209 1086 2266; x_wconf 90' lang='lat' dir='ltr'>Num</span> <span class='ocrx_word' id='word_1_166' title='bbox 1104 2210 1206 2285; x_wconf 88' lang='lat' dir='ltr'>igitur,</span> <span class='ocrx_word' id='word_1_167' title='bbox 1224 2209 1249 2265; x_wconf 91' lang='lat' dir='ltr'>si</span> 
     </span>
     <span class='ocr_line' id='line_1_20' title="bbox 199 2307 1249 2381; baseline -0.004 -14"><span class='ocrx_word' id='word_1_168' title='bbox 199 2310 240 2367; x_wconf 87' lang='lat' dir='ltr'>ad</span> <span class='ocrx_word' id='word_1_169' title='bbox 261 2309 459 2367; x_wconf 88' lang='lat' dir='ltr'>centesimum</span> <span class='ocrx_word' id='word_1_170' title='bbox 479 2325 592 2365; x_wconf 91' lang='lat' dir='ltr'>annum</span> <span class='ocrx_word' id='word_1_171' title='bbox 606 2307 748 2376; x_wconf 85' lang='lat' dir='ltr'>vixisset,</span> <span class='ocrx_word' id='word_1_172' title='bbox 772 2308 938 2365; x_wconf 88' lang='lat' dir='ltr'>senectutis</span> <span class='ocrx_word' id='word_1_173' title='bbox 961 2324 1028 2364; x_wconf 90' lang='lat' dir='ltr'>eum</span> <span class='ocrx_word' id='word_1_174' title='bbox 1051 2324 1124 2364; x_wconf 90' lang='lat' dir='ltr'>suae</span> <span class='ocrx_word' id='word_1_175' title='bbox 1146 2308 1249 2381; x_wconf 91' lang='lat' dir='ltr'>paeni-</span> 
     </span>
     <span class='ocr_line' id='line_1_21' title="bbox 198 2405 1251 2465; baseline -0.003 0"><span class='ocrx_word' id='word_1_176' title='bbox 198 2406 298 2465; x_wconf 85' lang='lat' dir='ltr'>teret?</span> <span class='ocrx_word' id='word_1_177' title='bbox 340 2407 408 2464; x_wconf 89' lang='lat' dir='ltr'>Nec</span> <span class='ocrx_word' id='word_1_178' title='bbox 421 2406 502 2463; x_wconf 90' lang='lat' dir='ltr'>enim</span> <span class='ocrx_word' id='word_1_179' title='bbox 517 2405 697 2463; x_wconf 91' lang='lat' dir='ltr'>excursione</span> <span class='ocrx_word' id='word_1_180' title='bbox 713 2422 769 2462; x_wconf 90' lang='lat' dir='ltr'>nec</span> <span class='ocrx_word' id='word_1_181' title='bbox 783 2405 863 2461; x_wconf 89' lang='lat' dir='ltr'>saltu</span> <span class='ocrx_word' id='word_1_182' title='bbox 880 2423 934 2462; x_wconf 90' lang='lat' dir='ltr'>nec</span> <span class='ocrx_word' id='word_1_183' title='bbox 952 2405 1069 2461; x_wconf 88' lang='lat' dir='ltr'>eminus</span> <span class='ocrx_word' id='word_1_184' title='bbox 1086 2405 1182 2462; x_wconf 90' lang='lat' dir='ltr'>hastis</span> <span class='ocrx_word' id='word_1_185' title='bbox 1197 2410 1251 2463; x_wconf 91' lang='lat' dir='ltr'>aut</span> 
     </span>
     <span class='ocr_line' id='line_1_22' title="bbox 200 2502 1247 2580; baseline -0.004 -18"><span class='ocrx_word' id='word_1_186' title='bbox 200 2504 369 2562; x_wconf 90' lang='lat' dir='ltr'>comminus</span> <span class='ocrx_word' id='word_1_187' title='bbox 390 2504 502 2580; x_wconf 84' lang='lat' dir='ltr'>gladiis</span> <span class='ocrx_word' id='word_1_188' title='bbox 524 2506 670 2571; x_wconf 89' lang='lat' dir='ltr'>uteretur,</span> <span class='ocrx_word' id='word_1_189' title='bbox 687 2503 750 2565; x_wconf 83' lang='lat' dir='ltr'>¹sed</span> <span class='ocrx_word' id='word_1_190' title='bbox 771 2502 911 2571; x_wconf 90' lang='lat' dir='ltr'>consili0,</span> <span class='ocrx_word' id='word_1_191' title='bbox 934 2502 1063 2572; x_wconf 88' lang='lat' dir='ltr'>ratione,</span> <span class='ocrx_word' id='word_1_192' title='bbox 1083 2504 1247 2559; x_wconf 87' lang='lat' dir='ltr'>sententia.</span> 
     </span>
     <span class='ocr_line' id='line_1_23' title="bbox 201 2599 1250 2676; baseline -0.002 -17"><span class='ocrx_word' id='word_1_193' title='bbox 201 2602 287 2676; x_wconf 76' lang='lat' dir='ltr'>Quae</span> <span class='ocrx_word' id='word_1_194' title='bbox 303 2602 362 2659; x_wconf 91' lang='lat' dir='ltr'>nisi</span> <span class='ocrx_word' id='word_1_195' title='bbox 377 2606 482 2659; x_wconf 88' lang='lat' dir='ltr'>essent</span> <span class='ocrx_word' id='word_1_196' title='bbox 496 2601 526 2657; x_wconf 95' lang='lat' dir='ltr'>in</span> <span class='ocrx_word' id='word_1_197' title='bbox 542 2600 678 2670; x_wconf 87' lang='lat' dir='ltr'>senibus,</span> <span class='ocrx_word' id='word_1_198' title='bbox 695 2617 921 2657; x_wconf 88' lang='lat' dir='ltr'>nonsummum</span> <span class='ocrx_word' id='word_1_199' title='bbox 940 2599 1098 2657; x_wconf 88' lang='lat' dir='ltr'>consilium</span> <span class='ocrx_word' id='word_1_200' title='bbox 1121 2602 1250 2674; x_wconf 90' lang='lat' dir='ltr'>majores</span> 
     </span>
     <span class='ocr_line' id='line_1_24' title="bbox 201 2698 687 2773; baseline -0.008 -16"><span class='ocrx_word' id='word_1_201' title='bbox 201 2700 298 2757; x_wconf 89' lang='lat' dir='ltr'>nostri</span> <span class='ocrx_word' id='word_1_202' title='bbox 313 2698 523 2773; x_wconf 84' lang='lat' dir='ltr'>appellassent</span> <span class='ocrx_word' id='word_1_203' title='bbox 536 2702 687 2755; x_wconf 91' lang='lat' dir='ltr'>senatum.</span> 
     </span>
    </p>
   </div>
   <div class='ocr_carea' id='block_1_4' title="bbox 243 2940 1210 2999">
    <p class='ocr_par' dir='ltr' id='par_1_4' title="bbox 243 2940 1210 2999">
     <span class='ocr_line' id='line_1_25' title="bbox 243 2940 1210 2999; baseline -0.002 0"><span class='ocrx_word' id='word_1_204' title='bbox 243 2944 292 2999; x_wconf 87' lang='lat'>55.</span> <span class='ocrx_word' id='word_1_205' title='bbox 321 2942 405 2999; x_wconf 77' lang='lat' dir='ltr'>Wan</span> <span class='ocrx_word' id='word_1_206' title='bbox 425 2958 452 2998; x_wconf 90' lang='lat' dir='ltr'>1s</span> <span class='ocrx_word' id='word_1_207' title='bbox 473 2957 640 2997; x_wconf 72' lang='lat' dir='ltr'>pacurano</span> <span class='ocrx_word' id='word_1_208' title='bbox 655 2958 720 2997; x_wconf 78' lang='lat' dir='ltr'>aun</span> <span class='ocrx_word' id='word_1_209' title='bbox 734 2958 796 2997; x_wconf 74' lang='lat' dir='ltr'>‘rna</span> <span class='ocrx_word' id='word_1_210' title='bbox 817 2940 939 2999; x_wconf 82' lang='lat' dir='ltr'>Fonous</span> <span class='ocrx_word' id='word_1_211' title='bbox 954 2958 1016 2997; x_wconf 78' lang='lat' dir='ltr'>ann</span> <span class='ocrx_word' id='word_1_212' title='bbox 1032 2956 1210 2997; x_wconf 74' lang='lat' dir='ltr'>saraceno.</span> 
     </span>
    </p>
   </div>
   <div class='ocr_carea' id='block_1_5' title="bbox 321 3089 1144 3849">
    <p class='ocr_par' dir='ltr' id='par_1_5' title="bbox 321 3089 1144 3849">
     <span class='ocr_line' id='line_1_26' title="bbox 321 3089 1081 3165; baseline -0.003 -17"><span class='ocrx_word' id='word_1_213' title='bbox 321 3090 366 3149; x_wconf 92' lang='lat' dir='ltr'>Ut</span> <span class='ocrx_word' id='word_1_214' title='bbox 379 3089 451 3147; x_wconf 92' lang='lat' dir='ltr'>belli</span> <span class='ocrx_word' id='word_1_215' title='bbox 467 3089 586 3165; x_wconf 86' lang='lat' dir='ltr'>signum</span> <span class='ocrx_word' id='word_1_216' title='bbox 603 3090 747 3146; x_wconf 88' lang='lat' dir='ltr'>Laurenti</span> <span class='ocrx_word' id='word_1_217' title='bbox 761 3090 884 3146; x_wconf 86' lang='lat' dir='ltr'>Turnus</span> <span class='ocrx_word' id='word_1_218' title='bbox 899 3090 938 3147; x_wconf 91' lang='lat' dir='ltr'>ab</span> <span class='ocrx_word' id='word_1_219' title='bbox 953 3106 1022 3147; x_wconf 90' lang='lat' dir='ltr'>arce</span> <span class='ocrx_word' id='word_1_220' title='bbox 1078 3100 1081 3105; x_wconf 86' lang='lat'>&#39;</span> 
     </span>
     <span class='ocr_line' id='line_1_27' title="bbox 322 3187 1042 3261; baseline -0.003 -16"><span class='ocrx_word' id='word_1_221' title='bbox 322 3187 434 3245; x_wconf 85' lang='lat' dir='ltr'>extulit</span> <span class='ocrx_word' id='word_1_222' title='bbox 447 3193 479 3244; x_wconf 88' lang='lat' dir='ltr'>et</span> <span class='ocrx_word' id='word_1_223' title='bbox 493 3204 585 3244; x_wconf 89' lang='lat' dir='ltr'>rauco</span> <span class='ocrx_word' id='word_1_224' title='bbox 601 3192 797 3261; x_wconf 83' lang='lat' dir='ltr'>strepuerunt</span> <span class='ocrx_word' id='word_1_225' title='bbox 811 3204 925 3244; x_wconf 87' lang='lat' dir='ltr'>cornua</span> <span class='ocrx_word' id='word_1_226' title='bbox 940 3192 1042 3253; x_wconf 87' lang='lat' dir='ltr'>cantu,</span> 
     </span>
     <span class='ocr_line' id='line_1_28' title="bbox 322 3271 1141 3361; baseline -0.002 -18"><span class='ocrx_word' id='word_1_227' title='bbox 322 3292 415 3361; x_wconf 88' lang='lat' dir='ltr'>utque</span> <span class='ocrx_word' id='word_1_228' title='bbox 430 3286 508 3343; x_wconf 89' lang='lat' dir='ltr'>acris</span> <span class='ocrx_word' id='word_1_229' title='bbox 523 3285 679 3343; x_wconf 88' lang='lat' dir='ltr'>concussit</span> <span class='ocrx_word' id='word_1_230' title='bbox 693 3271 788 3359; x_wconf 84' lang='lat' dir='ltr'>equos</span> <span class='ocrx_word' id='word_1_231' title='bbox 804 3292 897 3357; x_wconf 86' lang='lat' dir='ltr'>utque</span> <span class='ocrx_word' id='word_1_232' title='bbox 912 3285 1032 3359; x_wconf 85' lang='lat' dir='ltr'>impulit</span> <span class='ocrx_word' id='word_1_233' title='bbox 1046 3302 1141 3354; x_wconf 89' lang='lat' dir='ltr'>arma,</span> 
     </span>
     <span class='ocr_line' id='line_1_29' title="bbox 322 3382 1083 3457; baseline -0.004 -15"><span class='ocrx_word' id='word_1_234' title='bbox 322 3383 478 3457; x_wconf 85' lang='lat' dir='ltr'>extemplo</span> <span class='ocrx_word' id='word_1_235' title='bbox 493 3384 607 3441; x_wconf 83' lang='lat' dir='ltr'>turbati</span> <span class='ocrx_word' id='word_1_236' title='bbox 623 3382 727 3451; x_wconf 92' lang='lat' dir='ltr'>animi,</span> <span class='ocrx_word' id='word_1_237' title='bbox 744 3382 833 3439; x_wconf 88' lang='lat' dir='ltr'>simul</span> <span class='ocrx_word' id='word_1_238' title='bbox 848 3401 937 3440; x_wconf 91' lang='lat' dir='ltr'>omne</span> <span class='ocrx_word' id='word_1_239' title='bbox 953 3382 1083 3441; x_wconf 86' lang='lat' dir='ltr'>tumultu</span> 
     </span>
     <span class='ocr_line' id='line_1_30' title="bbox 323 3481 1064 3555; baseline -0.001 -16"><span class='ocrx_word' id='word_1_240' title='bbox 323 3483 466 3554; x_wconf 86' lang='lat' dir='ltr'>conjurat</span> <span class='ocrx_word' id='word_1_241' title='bbox 478 3482 599 3555; x_wconf 88' lang='lat' dir='ltr'>trepido</span> <span class='ocrx_word' id='word_1_242' title='bbox 614 3481 734 3538; x_wconf 88' lang='lat' dir='ltr'>Latium</span> <span class='ocrx_word' id='word_1_243' title='bbox 750 3482 908 3554; x_wconf 89' lang='lat' dir='ltr'>saevitque</span> <span class='ocrx_word' id='word_1_244' title='bbox 919 3484 1064 3555; x_wconf 87' lang='lat' dir='ltr'>juventus</span> 
     </span>
     <span class='ocr_line' id='line_1_31' title="bbox 322 3578 1067 3651; baseline -0.003 -14"><span class='ocrx_word' id='word_1_245' title='bbox 322 3581 426 3637; x_wconf 84' lang='lat' dir='ltr'>effera.</span> <span class='ocrx_word' id='word_1_246' title='bbox 471 3578 622 3635; x_wconf 91' lang='lat' dir='ltr'>Ductores</span> <span class='ocrx_word' id='word_1_247' title='bbox 638 3578 726 3651; x_wconf 87' lang='lat' dir='ltr'>primi</span> <span class='ocrx_word' id='word_1_248' title='bbox 741 3578 905 3651; x_wconf 88' lang='lat' dir='ltr'>Messapus</span> <span class='ocrx_word' id='word_1_249' title='bbox 920 3585 952 3636; x_wconf 86' lang='lat' dir='ltr'>et</span> <span class='ocrx_word' id='word_1_250' title='bbox 966 3580 1067 3638; x_wconf 89' lang='lat' dir='ltr'>Ufens</span> 
     </span>
     <span class='ocr_line' id='line_1_32' title="bbox 322 3676 1144 3752; baseline -0.002 -18"><span class='ocrx_word' id='word_1_251' title='bbox 322 3680 574 3749; x_wconf 88' lang='lat' dir='ltr'>contemptorque</span> <span class='ocrx_word' id='word_1_252' title='bbox 588 3676 678 3732; x_wconf 88' lang='lat' dir='ltr'>deum</span> <span class='ocrx_word' id='word_1_253' title='bbox 693 3676 866 3732; x_wconf 87' lang='lat' dir='ltr'>Mezentius</span> <span class='ocrx_word' id='word_1_254' title='bbox 883 3676 1014 3748; x_wconf 86' lang='lat' dir='ltr'>undique</span> <span class='ocrx_word' id='word_1_255' title='bbox 1029 3682 1144 3752; x_wconf 87' lang='lat' dir='ltr'>cogunt</span> 
     </span>
     <span class='ocr_line' id='line_1_33' title="bbox 323 3771 1015 3849; baseline 0.001 -20"><span class='ocrx_word' id='word_1_256' title='bbox 323 3772 439 3830; x_wconf 87' lang='lat' dir='ltr'>auxilia</span> <span class='ocrx_word' id='word_1_257' title='bbox 453 3777 485 3829; x_wconf 88' lang='lat' dir='ltr'>et</span> <span class='ocrx_word' id='word_1_258' title='bbox 498 3771 578 3829; x_wconf 91' lang='lat' dir='ltr'>latos</span> <span class='ocrx_word' id='word_1_259' title='bbox 594 3778 718 3829; x_wconf 87' lang='lat' dir='ltr'>vastant</span> <span class='ocrx_word' id='word_1_260' title='bbox 732 3772 899 3830; x_wconf 87' lang='lat' dir='ltr'>cultoribus</span> <span class='ocrx_word' id='word_1_261' title='bbox 914 3790 1015 3849; x_wconf 85' lang='lat' dir='ltr'>agros.</span> 
     </span>
    </p>
   </div>
   <div class='ocr_carea' id='block_1_6' title="bbox 0 0 1430 4300">
    <p class='ocr_par' dir='ltr' id='par_1_6' title="bbox 0 0 1430 4300">
     <span class='ocr_line' id='line_1_34' title="bbox 0 0 1430 4300; baseline 0 0"><span class='ocrx_word' id='word_1_262' title='bbox 0 0 1430 4300; x_wconf 95' lang='lat' dir='ltr'> </span> 
     </span>
    </p>
   </div>
  </div>
 </body>
</html>
