<?xml version="1.0" encoding="UTF-8"?>
<!DOCTYPE html PUBLIC "-//W3C//DTD XHTML 1.0 Transitional//EN"
    "http://www.w3.org/TR/xhtml1/DTD/xhtml1-transitional.dtd">
<html xmlns="http://www.w3.org/1999/xhtml" xml:lang="en" lang="en">
 <head>
  <title>
</title>
<meta http-equiv="Content-Type" content="text/html;charset=utf-8" />
  <meta name='ocr-system' content='tesseract 3.04.00' />
  <meta name='ocr-capabilities' content='ocr_page ocr_carea ocr_par ocr_line ocrx_word'/>
</head>
<body>
  <div class='ocr_page' id='page_1' title='image "./selectionsfroml01tomlgoog_0079.png"; bbox 0 0 2817 4300; ppageno 0'>
   <div class='ocr_carea' id='block_1_1' title="bbox 501 374 1212 441">
    <p class='ocr_par' dir='ltr' id='par_1_1' title="bbox 501 374 1212 441">
     <span class='ocr_line' id='line_1_1' title="bbox 501 374 1212 441; baseline 0.008 -6"><span class='ocrx_word' id='word_1_1' title='bbox 501 374 661 436; x_wconf 82' lang='lat' dir='ltr'>cronao’s</span> <span class='ocrx_word' id='word_1_2' title='bbox 684 392 863 438; x_wconf 75' lang='lat' dir='ltr'>nmsruus.</span> <span class='ocrx_word' id='word_1_3' title='bbox 1169 376 1212 441; x_wconf 83' lang='lat'>59</span> 
     </span>
    </p>
   </div>
   <div class='ocr_carea' id='block_1_2' title="bbox 93 561 1210 1318">
    <p class='ocr_par' dir='ltr' id='par_1_2' title="bbox 93 561 1210 1318">
     <span class='ocr_line' id='line_1_2' title="bbox 156 561 1158 634; baseline 0.004 -16"><span class='ocrx_word' id='word_1_4' title='bbox 156 567 264 618; x_wconf 91' lang='lat' dir='ltr'>autem</span> <span class='ocrx_word' id='word_1_5' title='bbox 286 561 324 618; x_wconf 91' lang='lat' dir='ltr'>de</span> <span class='ocrx_word' id='word_1_6' title='bbox 347 561 442 634; x_wconf 86' lang='lat' dir='ltr'>Epiro</span> <span class='ocrx_word' id='word_1_7' title='bbox 465 579 527 618; x_wconf 91' lang='lat' dir='ltr'>non</span> <span class='ocrx_word' id='word_1_8' title='bbox 550 561 758 619; x_wconf 80' lang='lat' dir='ltr'>inconstantia</span> <span class='ocrx_word' id='word_1_9' title='bbox 780 568 887 620; x_wconf 87' lang='lat' dir='ltr'>nostra</span> <span class='ocrx_word' id='word_1_10' title='bbox 907 565 1080 633; x_wconf 81' lang='lat' dir='ltr'>adferebat,</span> <span class='ocrx_word' id='word_1_11' title='bbox 1103 565 1158 622; x_wconf 89' lang='lat' dir='ltr'>sed</span> 
     </span>
     <span class='ocr_line' id='line_1_3' title="bbox 157 658 1157 730; baseline 0.005 -17"><span class='ocrx_word' id='word_1_12' title='bbox 157 659 244 730; x_wconf 90' lang='lat' dir='ltr'>quod</span> <span class='ocrx_word' id='word_1_13' title='bbox 268 659 307 714; x_wconf 91' lang='lat' dir='ltr'>de</span> <span class='ocrx_word' id='word_1_14' title='bbox 332 659 438 727; x_wconf 81' lang='lat' dir='ltr'>fratre,</span> <span class='ocrx_word' id='word_1_15' title='bbox 460 658 512 714; x_wconf 90' lang='lat' dir='ltr'>ubi</span> <span class='ocrx_word' id='word_1_16' title='bbox 537 675 605 715; x_wconf 89' lang='lat' dir='ltr'>eum</span> <span class='ocrx_word' id='word_1_17' title='bbox 628 659 723 715; x_wconf 90' lang='lat' dir='ltr'>visuri</span> <span class='ocrx_word' id='word_1_18' title='bbox 751 677 900 730; x_wconf 80' lang='lat' dir='ltr'>essemus,</span> <span class='ocrx_word' id='word_1_19' title='bbox 927 661 1157 729; x_wconf 81' lang='lat' dir='ltr'>nesciebamus3</span> 
     </span>
     <span class='ocr_line' id='line_1_4' title="bbox 159 755 1157 830; baseline 0.002 -18"><span class='ocrx_word' id='word_1_20' title='bbox 159 773 252 828; x_wconf 86' lang='lat' dir='ltr'>quem</span> <span class='ocrx_word' id='word_1_21' title='bbox 267 755 390 828; x_wconf 91' lang='lat' dir='ltr'>quidem</span> <span class='ocrx_word' id='word_1_22' title='bbox 404 772 462 830; x_wconf 85' lang='lat' dir='ltr'>ego</span> <span class='ocrx_word' id='word_1_23' title='bbox 476 772 533 812; x_wconf 89' lang='lat' dir='ltr'>nec</span> <span class='ocrx_word' id='word_1_24' title='bbox 548 772 605 827; x_wconf 83' lang='lat' dir='ltr'>qao</span> <span class='ocrx_word' id='word_1_25' title='bbox 621 756 713 813; x_wconf 88' lang='lat' dir='ltr'>modo</span> <span class='ocrx_word' id='word_1_26' title='bbox 726 756 848 813; x_wconf 86' lang='lat' dir='ltr'>visurus</span> <span class='ocrx_word' id='word_1_27' title='bbox 867 774 922 814; x_wconf 91' lang='lat' dir='ltr'>nec</span> <span class='ocrx_word' id='word_1_28' title='bbox 944 757 996 813; x_wconf 94' lang='lat' dir='ltr'>ubi</span> <span class='ocrx_word' id='word_1_29' title='bbox 1017 757 1157 814; x_wconf 88' lang='lat' dir='ltr'>dimissu·</span> 
     </span>
     <span class='ocr_line' id='line_1_5' title="bbox 157 853 1157 912; baseline 0.003 -3"><span class='ocrx_word' id='word_1_30' title='bbox 157 871 211 909; x_wconf 88' lang='lat' dir='ltr'>rus</span> <span class='ocrx_word' id='word_1_31' title='bbox 236 853 294 909; x_wconf 88' lang='lat' dir='ltr'>sim</span> <span class='ocrx_word' id='word_1_32' title='bbox 316 853 390 910; x_wconf 89' lang='lat' dir='ltr'>scio.</span> <span class='ocrx_word' id='word_1_33' title='bbox 434 853 472 908; x_wconf 94' lang='lat' dir='ltr'>Id</span> <span class='ocrx_word' id='word_1_34' title='bbox 491 858 539 910; x_wconf 90' lang='lat' dir='ltr'>est</span> <span class='ocrx_word' id='word_1_35' title='bbox 561 853 728 910; x_wconf 87' lang='lat' dir='ltr'>maximum</span> <span class='ocrx_word' id='word_1_36' title='bbox 749 860 781 911; x_wconf 88' lang='lat' dir='ltr'>et</span> <span class='ocrx_word' id='word_1_37' title='bbox 801 855 1001 911; x_wconf 89' lang='lat' dir='ltr'>miserrimum</span> <span class='ocrx_word' id='word_1_38' title='bbox 1024 873 1157 912; x_wconf 87' lang='lat' dir='ltr'>mearum</span> 
     </span>
     <span class='ocr_line' id='line_1_6' title="bbox 160 952 1210 1028; baseline 0.002 -20"><span class='ocrx_word' id='word_1_39' title='bbox 160 952 295 1009; x_wconf 90' lang='lat' dir='ltr'>omnium</span> <span class='ocrx_word' id='word_1_40' title='bbox 325 952 524 1008; x_wconf 89' lang='lat' dir='ltr'>miseriarum.</span> <span class='ocrx_word' id='word_1_41' title='bbox 568 953 636 1028; x_wconf 87' lang='lat' dir='ltr'>Ego</span> <span class='ocrx_word' id='word_1_42' title='bbox 664 959 695 1008; x_wconf 91' lang='lat' dir='ltr'>et</span> <span class='ocrx_word' id='word_1_43' title='bbox 723 953 847 1027; x_wconf 90' lang='lat' dir='ltr'>saepius</span> <span class='ocrx_word' id='word_1_44' title='bbox 883 953 922 1009; x_wconf 92' lang='lat' dir='ltr'>ad</span> <span class='ocrx_word' id='word_1_45' title='bbox 950 958 980 1009; x_wconf 91' lang='lat' dir='ltr'>te</span> <span class='ocrx_word' id='word_1_46' title='bbox 1011 957 1043 1009; x_wconf 92' lang='lat' dir='ltr'>et</span> <span class='ocrx_word' id='word_1_47' title='bbox 1071 952 1158 1026; x_wconf 91' lang='lat' dir='ltr'>plura</span> <span class='ocrx_word' id='word_1_48' title='bbox 1194 961 1210 1010; x_wconf 89' lang='lat'>5</span> 
     </span>
     <span class='ocr_line' id='line_1_7' title="bbox 159 1048 1156 1124; baseline 0 -19"><span class='ocrx_word' id='word_1_49' title='bbox 159 1049 335 1117; x_wconf 84' lang='lat' dir='ltr'>scriberem,</span> <span class='ocrx_word' id='word_1_50' title='bbox 352 1049 410 1106; x_wconf 92' lang='lat' dir='ltr'>nisi</span> <span class='ocrx_word' id='word_1_51' title='bbox 426 1049 498 1105; x_wconf 93' lang='lat' dir='ltr'>mihi</span> <span class='ocrx_word' id='word_1_52' title='bbox 512 1048 599 1106; x_wconf 92' lang='lat' dir='ltr'>dolor</span> <span class='ocrx_word' id='word_1_53' title='bbox 612 1067 697 1106; x_wconf 90' lang='lat' dir='ltr'>meus</span> <span class='ocrx_word' id='word_1_54' title='bbox 713 1068 782 1106; x_wconf 90' lang='lat' dir='ltr'>cum</span> <span class='ocrx_word' id='word_1_55' title='bbox 796 1051 894 1107; x_wconf 89' lang='lat' dir='ltr'>omnis</span> <span class='ocrx_word' id='word_1_56' title='bbox 916 1050 1012 1124; x_wconf 90' lang='lat' dir='ltr'>partis</span> <span class='ocrx_word' id='word_1_57' title='bbox 1033 1049 1156 1120; x_wconf 84' lang='lat' dir='ltr'>mentis,</span> 
     </span>
     <span class='ocr_line' id='line_1_8' title="bbox 93 1146 1157 1222; baseline 0.001 -20"><span class='ocrx_word' id='word_1_58' title='bbox 93 1187 98 1196; x_wconf 87' lang='lat'>.</span> <span class='ocrx_word' id='word_1_59' title='bbox 159 1152 226 1202; x_wconf 90' lang='lat' dir='ltr'>tum</span> <span class='ocrx_word' id='word_1_60' title='bbox 241 1146 373 1204; x_wconf 86' lang='lat' dir='ltr'>maxime</span> <span class='ocrx_word' id='word_1_61' title='bbox 388 1146 477 1203; x_wconf 92' lang='lat' dir='ltr'>huius</span> <span class='ocrx_word' id='word_1_62' title='bbox 492 1146 613 1222; x_wconf 84' lang='lat' dir='ltr'>generis</span> <span class='ocrx_word' id='word_1_63' title='bbox 628 1146 805 1203; x_wconf 84' lang='lat' dir='ltr'><strong>facultatem</strong></span> <span class='ocrx_word' id='word_1_64' title='bbox 827 1147 1001 1204; x_wconf 84' lang='lat' dir='ltr'><strong>ademisset.</strong></span> <span class='ocrx_word' id='word_1_65' title='bbox 1044 1147 1157 1205; x_wconf 91' lang='lat' dir='ltr'>Videre</span> 
     </span>
     <span class='ocr_line' id='line_1_9' title="bbox 159 1241 1154 1318; baseline 0.002 -20"><span class='ocrx_word' id='word_1_66' title='bbox 159 1247 190 1300; x_wconf 86' lang='lat' dir='ltr'>te</span> <span class='ocrx_word' id='word_1_67' title='bbox 206 1243 306 1318; x_wconf 81' lang='lat' dir='ltr'>cupio</span> <span class='ocrx_word' id='word_1_68' title='bbox 351 1241 432 1300; x_wconf 88' lang='lat' dir='ltr'>Cura</span> <span class='ocrx_word' id='word_1_69' title='bbox 446 1248 480 1300; x_wconf 91' lang='lat' dir='ltr'>ut</span> <span class='ocrx_word' id='word_1_70' title='bbox 491 1242 605 1301; x_wconf 87' lang='lat' dir='ltr'>valcas.</span> <span class='ocrx_word' id='word_1_71' title='bbox 649 1243 733 1300; x_wconf 88' lang='lat' dir='ltr'>Data</span> <span class='ocrx_word' id='word_1_72' title='bbox 747 1261 793 1318; x_wconf 91' lang='lat' dir='ltr'>pr.</span> <span class='ocrx_word' id='word_1_73' title='bbox 811 1243 882 1300; x_wconf 87' lang='lat' dir='ltr'>Kal.</span> <span class='ocrx_word' id='word_1_74' title='bbox 896 1244 971 1300; x_wconf 88' lang='lat' dir='ltr'>Mai.</span> <span class='ocrx_word' id='word_1_75' title='bbox 989 1243 1154 1301; x_wconf 86' lang='lat' dir='ltr'>Brundisii.</span> 
     </span>
    </p>
   </div>
   <div class='ocr_carea' id='block_1_3' title="bbox 460 1453 907 1513">
    <p class='ocr_par' dir='ltr' id='par_1_3' title="bbox 460 1453 907 1513">
     <span class='ocr_line' id='line_1_10' title="bbox 460 1453 907 1513; baseline 0 -2"><span class='ocrx_word' id='word_1_76' title='bbox 460 1453 613 1512; x_wconf 86' lang='lat' dir='ltr'>CICERO</span> <span class='ocrx_word' id='word_1_77' title='bbox 635 1453 793 1513; x_wconf 88' lang='lat' dir='ltr'><strong>ATTICO</strong></span> <span class='ocrx_word' id='word_1_78' title='bbox 817 1454 907 1512; x_wconf 83' lang='lat' dir='ltr'><strong>SAL.</strong></span> 
     </span>
    </p>
   </div>
   <div class='ocr_carea' id='block_1_4' title="bbox 366 1583 1011 1634">
    <p class='ocr_par' dir='ltr' id='par_1_4' title="bbox 366 1583 1011 1634">
     <span class='ocr_line' id='line_1_11' title="bbox 366 1583 1011 1634; baseline 0 0"><span class='ocrx_word' id='word_1_79' title='bbox 366 1583 428 1634; x_wconf 85' lang='lat' dir='ltr'>Son.</span> <span class='ocrx_word' id='word_1_80' title='bbox 447 1598 537 1634; x_wconf 73' lang='lat' dir='ltr'>namo</span> <span class='ocrx_word' id='word_1_81' title='bbox 555 1598 646 1632; x_wconf 80' lang='lat' dir='ltr'>nausa</span> <span class='ocrx_word' id='word_1_82' title='bbox 665 1583 818 1632; x_wconf 80' lang='lat' dir='ltr'>Dncauam</span> <span class='ocrx_word' id='word_1_83' title='bbox 835 1599 861 1633; x_wconf 70' lang='lat' dir='ltr'>A.</span> <span class='ocrx_word' id='word_1_84' title='bbox 872 1599 898 1632; x_wconf 87' lang='lat' dir='ltr'>u.</span> <span class='ocrx_word' id='word_1_85' title='bbox 910 1599 935 1634; x_wconf 90' lang='lat' dir='ltr'>c.</span> <span class='ocrx_word' id='word_1_86' title='bbox 956 1585 1011 1634; x_wconf 75' lang='lat'>704.</span> 
     </span>
    </p>
   </div>
   <div class='ocr_carea' id='block_1_5' title="bbox 160 1700 1211 3633">
    <p class='ocr_par' dir='ltr' id='par_1_5' title="bbox 160 1700 1211 3633">
     <span class='ocr_line' id='line_1_12' title="bbox 207 1700 1157 1778; baseline 0.004 -21"><span class='ocrx_word' id='word_1_87' title='bbox 207 1700 257 1778; x_wconf 86' lang='lat'>(1)</span> <span class='ocrx_word' id='word_1_88' title='bbox 283 1700 400 1758; x_wconf 90' lang='lat' dir='ltr'>Multas</span> <span class='ocrx_word' id='word_1_89' title='bbox 426 1719 487 1758; x_wconf 92' lang='lat' dir='ltr'>uno</span> <span class='ocrx_word' id='word_1_90' title='bbox 512 1707 648 1775; x_wconf 90' lang='lat' dir='ltr'>ternpore</span> <span class='ocrx_word' id='word_1_91' title='bbox 674 1702 778 1776; x_wconf 88' lang='lat' dir='ltr'>accepi</span> <span class='ocrx_word' id='word_1_92' title='bbox 804 1703 951 1776; x_wconf 81' lang='lat' dir='ltr'>epistolas</span> <span class='ocrx_word' id='word_1_93' title='bbox 975 1709 1056 1774; x_wconf 83' lang='lat' dir='ltr'>tuas,</span> <span class='ocrx_word' id='word_1_94' title='bbox 1079 1721 1157 1777; x_wconf 89' lang='lat' dir='ltr'>quae</span> 
     </span>
     <span class='ocr_line' id='line_1_13' title="bbox 160 1796 1210 1873; baseline 0.002 -18"><span class='ocrx_word' id='word_1_95' title='bbox 160 1799 247 1868; x_wconf 85' lang='lat' dir='ltr'>mihi,</span> <span class='ocrx_word' id='word_1_96' title='bbox 264 1815 446 1871; x_wconf 89' lang='lat' dir='ltr'>quamquam</span> <span class='ocrx_word' id='word_1_97' title='bbox 462 1796 650 1856; x_wconf 80' lang='lat' dir='ltr'>¹re&#39;oentiora</span> <span class='ocrx_word' id='word_1_98' title='bbox 665 1800 825 1856; x_wconf 80' lang='lat' dir='ltr'>audiebam</span> <span class='ocrx_word' id='word_1_99' title='bbox 849 1818 888 1856; x_wconf 89' lang='lat' dir='ltr'>ex</span> <span class='ocrx_word' id='word_1_100' title='bbox 910 1800 958 1869; x_wconf 90' lang='lat' dir='ltr'>iis,</span> <span class='ocrx_word' id='word_1_101' title='bbox 975 1801 1027 1873; x_wconf 91' lang='lat' dir='ltr'>qui</span> <span class='ocrx_word' id='word_1_102' title='bbox 1049 1801 1087 1857; x_wconf 91' lang='lat' dir='ltr'>ad</span> <span class='ocrx_word' id='word_1_103' title='bbox 1109 1818 1157 1857; x_wconf 89' lang='lat' dir='ltr'>me</span> <span class='ocrx_word' id='word_1_104' title='bbox 1174 1807 1210 1856; x_wconf 92' lang='lat'>10</span> 
     </span>
     <span class='ocr_line' id='line_1_14' title="bbox 161 1895 1158 1966; baseline 0.002 -13"><span class='ocrx_word' id='word_1_105' title='bbox 161 1895 338 1965; x_wconf 83' lang='lat' dir='ltr'>veniebant,</span> <span class='ocrx_word' id='word_1_106' title='bbox 369 1900 472 1952; x_wconf 89' lang='lat' dir='ltr'>tamen</span> <span class='ocrx_word' id='word_1_107' title='bbox 507 1902 595 1954; x_wconf 87' lang='lat' dir='ltr'>crant</span> <span class='ocrx_word' id='word_1_108' title='bbox 631 1897 798 1966; x_wconf 83' lang='lat' dir='ltr'>iucundae3</span> <span class='ocrx_word' id='word_1_109' title='bbox 842 1897 977 1954; x_wconf 90' lang='lat' dir='ltr'>studium</span> <span class='ocrx_word' id='word_1_110' title='bbox 1011 1899 1091 1955; x_wconf 90' lang='lat' dir='ltr'>enim</span> <span class='ocrx_word' id='word_1_111' title='bbox 1127 1903 1158 1955; x_wconf 94' lang='lat' dir='ltr'>et</span> 
     </span>
     <span class='ocr_line' id='line_1_15' title="bbox 161 1991 1158 2066; baseline 0.002 -16"><span class='ocrx_word' id='word_1_112' title='bbox 161 1992 408 2050; x_wconf 80' lang='lat' dir='ltr'>benevolentiam</span> <span class='ocrx_word' id='word_1_113' title='bbox 424 1993 632 2051; x_wconf 80' lang='lat' dir='ltr'>declarabant.</span> <span class='ocrx_word' id='word_1_114' title='bbox 676 1991 879 2051; x_wconf 80' lang='lat' dir='ltr'>²Valetudine</span> <span class='ocrx_word' id='word_1_115' title='bbox 901 2000 954 2052; x_wconf 85' lang='lat' dir='ltr'>tua</span> <span class='ocrx_word' id='word_1_116' title='bbox 975 2013 1110 2066; x_wconf 82' lang='lat' dir='ltr'>moveor,</span> <span class='ocrx_word' id='word_1_117' title='bbox 1127 2002 1158 2054; x_wconf 90' lang='lat' dir='ltr'>et</span> 
     </span>
     <span class='ocr_line' id='line_1_16' title="bbox 161 2090 1157 2167; baseline 0.005 -21"><span class='ocrx_word' id='word_1_118' title='bbox 161 2090 271 2147; x_wconf 87' lang='lat' dir='ltr'>Piliam</span> <span class='ocrx_word' id='word_1_119' title='bbox 287 2091 318 2146; x_wconf 90' lang='lat' dir='ltr'>in</span> <span class='ocrx_word' id='word_1_120' title='bbox 332 2091 412 2147; x_wconf 88' lang='lat' dir='ltr'>idem</span> <span class='ocrx_word' id='word_1_121' title='bbox 429 2109 527 2167; x_wconf 84' lang='lat' dir='ltr'>genus</span> <span class='ocrx_word' id='word_1_122' title='bbox 542 2092 639 2147; x_wconf 88' lang='lat' dir='ltr'>morbi</span> <span class='ocrx_word' id='word_1_123' title='bbox 655 2092 814 2166; x_wconf 88' lang='lat' dir='ltr'>delapsam</span> <span class='ocrx_word' id='word_1_124' title='bbox 836 2110 937 2149; x_wconf 87' lang='lat' dir='ltr'>curam</span> <span class='ocrx_word' id='word_1_125' title='bbox 959 2093 1015 2149; x_wconf 88' lang='lat' dir='ltr'>tibi</span> <span class='ocrx_word' id='word_1_126' title='bbox 1038 2094 1157 2151; x_wconf 83' lang='lat' dir='ltr'>adferre</span> 
     </span>
     <span class='ocr_line' id='line_1_17' title="bbox 161 2190 1157 2267; baseline 0.002 -22"><span class='ocrx_word' id='word_1_127' title='bbox 161 2191 309 2262; x_wconf 81' lang='lat' dir='ltr'>majorem</span> <span class='ocrx_word' id='word_1_128' title='bbox 324 2190 441 2246; x_wconf 89' lang='lat' dir='ltr'>sentio:</span> <span class='ocrx_word' id='word_1_129' title='bbox 465 2190 536 2246; x_wconf 89' lang='lat' dir='ltr'>date</span> <span class='ocrx_word' id='word_1_130' title='bbox 553 2190 645 2265; x_wconf 88' lang='lat' dir='ltr'>igitur</span> <span class='ocrx_word' id='word_1_131' title='bbox 659 2207 783 2264; x_wconf 88' lang='lat' dir='ltr'>operam</span> <span class='ocrx_word' id='word_1_132' title='bbox 799 2197 832 2246; x_wconf 88' lang='lat' dir='ltr'>ut</span> <span class='ocrx_word' id='word_1_133' title='bbox 846 2191 986 2247; x_wconf 85' lang='lat' dir='ltr'>valeatis.</span> <span class='ocrx_word' id='word_1_134' title='bbox 1035 2191 1084 2267; x_wconf 73' lang='lat'>(2)</span> <span class='ocrx_word' id='word_1_135' title='bbox 1110 2192 1157 2247; x_wconf 91' lang='lat' dir='ltr'>De</span> 
     </span>
     <span class='ocr_line' id='line_1_18' title="bbox 161 2287 1210 2363; baseline 0.001 -20"><span class='ocrx_word' id='word_1_136' title='bbox 161 2287 274 2343; x_wconf 88' lang='lat' dir='ltr'>Tirone</span> <span class='ocrx_word' id='word_1_137' title='bbox 288 2287 379 2344; x_wconf 86' lang='lat' dir='ltr'>video</span> <span class='ocrx_word' id='word_1_138' title='bbox 394 2287 450 2344; x_wconf 91' lang='lat' dir='ltr'>tibi</span> <span class='ocrx_word' id='word_1_139' title='bbox 465 2304 554 2344; x_wconf 90' lang='lat' dir='ltr'>curae</span> <span class='ocrx_word' id='word_1_140' title='bbox 570 2305 648 2357; x_wconf 83' lang='lat' dir='ltr'>esse,</span> <span class='ocrx_word' id='word_1_141' title='bbox 665 2304 756 2360; x_wconf 90' lang='lat' dir='ltr'>quem</span> <span class='ocrx_word' id='word_1_142' title='bbox 770 2288 893 2360; x_wconf 92' lang='lat' dir='ltr'>quidem</span> <span class='ocrx_word' id='word_1_143' title='bbox 907 2306 975 2363; x_wconf 83' lang='lat' dir='ltr'>ego,</span> <span class='ocrx_word' id='word_1_144' title='bbox 992 2288 1048 2345; x_wconf 89' lang='lat' dir='ltr'>etsi</span> <span class='ocrx_word' id='word_1_145' title='bbox 1069 2289 1158 2345; x_wconf 90' lang='lat' dir='ltr'>mira·</span> <span class='ocrx_word' id='word_1_146' title='bbox 1174 2296 1210 2344; x_wconf 83' lang='lat'>15</span> 
     </span>
     <span class='ocr_line' id='line_1_19' title="bbox 161 2384 1158 2462; baseline 0.001 -22"><span class='ocrx_word' id='word_1_147' title='bbox 161 2384 231 2441; x_wconf 88' lang='lat' dir='ltr'>bilis</span> <span class='ocrx_word' id='word_1_148' title='bbox 246 2385 394 2442; x_wconf 84' lang='lat' dir='ltr'>utilitates</span> <span class='ocrx_word' id='word_1_149' title='bbox 409 2385 480 2441; x_wconf 87' lang='lat' dir='ltr'>mihi</span> <span class='ocrx_word' id='word_1_150' title='bbox 496 2386 633 2459; x_wconf 81' lang='lat' dir='ltr'>praebet,</span> <span class='ocrx_word' id='word_1_151' title='bbox 650 2402 719 2442; x_wconf 88' lang='lat' dir='ltr'>curn</span> <span class='ocrx_word' id='word_1_152' title='bbox 733 2385 826 2454; x_wconf 83' lang='lat' dir='ltr'>valet,</span> <span class='ocrx_word' id='word_1_153' title='bbox 842 2386 872 2441; x_wconf 90' lang='lat' dir='ltr'>in</span> <span class='ocrx_word' id='word_1_154' title='bbox 888 2386 970 2442; x_wconf 93' lang='lat' dir='ltr'>omni</span> <span class='ocrx_word' id='word_1_155' title='bbox 984 2404 1094 2462; x_wconf 88' lang='lat' dir='ltr'>genere</span> <span class='ocrx_word' id='word_1_156' title='bbox 1109 2385 1158 2443; x_wconf 85' lang='lat' dir='ltr'>vel</span> 
     </span>
     <span class='ocr_line' id='line_1_20' title="bbox 161 2482 1158 2557; baseline 0 -19"><span class='ocrx_word' id='word_1_157' title='bbox 161 2482 352 2557; x_wconf 84' lang='lat' dir='ltr'>negotiorum</span> <span class='ocrx_word' id='word_1_158' title='bbox 365 2483 413 2539; x_wconf 87' lang='lat' dir='ltr'>vel</span> <span class='ocrx_word' id='word_1_159' title='bbox 426 2482 594 2539; x_wconf 88' lang='lat' dir='ltr'>studiorum</span> <span class='ocrx_word' id='word_1_160' title='bbox 605 2500 752 2550; x_wconf 88' lang='lat' dir='ltr'>meorum,</span> <span class='ocrx_word' id='word_1_161' title='bbox 766 2488 867 2540; x_wconf 89' lang='lat' dir='ltr'>tamen</span> <span class='ocrx_word' id='word_1_162' title='bbox 883 2489 1007 2557; x_wconf 91' lang='lat' dir='ltr'>propter</span> <span class='ocrx_word' id='word_1_163' title='bbox 1020 2483 1158 2539; x_wconf 90' lang='lat' dir='ltr'>humani·</span> 
     </span>
     <span class='ocr_line' id='line_1_21' title="bbox 162 2579 1159 2654; baseline -0.001 -17"><span class='ocrx_word' id='word_1_164' title='bbox 162 2585 256 2638; x_wconf 87' lang='lat' dir='ltr'>tatem</span> <span class='ocrx_word' id='word_1_165' title='bbox 285 2586 316 2637; x_wconf 92' lang='lat' dir='ltr'>et</span> <span class='ocrx_word' id='word_1_166' title='bbox 344 2580 524 2636; x_wconf 87' lang='lat' dir='ltr'>modestiam</span> <span class='ocrx_word' id='word_1_167' title='bbox 554 2581 633 2636; x_wconf 94' lang='lat' dir='ltr'>malo</span> <span class='ocrx_word' id='word_1_168' title='bbox 662 2579 780 2637; x_wconf 89' lang='lat' dir='ltr'>salvum</span> <span class='ocrx_word' id='word_1_169' title='bbox 808 2598 898 2654; x_wconf 91' lang='lat' dir='ltr'>quam</span> <span class='ocrx_word' id='word_1_170' title='bbox 924 2586 1048 2653; x_wconf 85' lang='lat' dir='ltr'>propter</span> <span class='ocrx_word' id='word_1_171' title='bbox 1070 2598 1159 2636; x_wconf 92' lang='lat' dir='ltr'>usum</span> 
     </span>
     <span class='ocr_line' id='line_1_22' title="bbox 162 2677 1158 2754; baseline -0.002 -20"><span class='ocrx_word' id='word_1_172' title='bbox 162 2696 272 2734; x_wconf 90' lang='lat' dir='ltr'>meum.</span> <span class='ocrx_word' id='word_1_173' title='bbox 314 2678 363 2754; x_wconf 88' lang='lat'>(3)</span> <span class='ocrx_word' id='word_1_174' title='bbox 383 2677 567 2753; x_wconf 88' lang='lat' dir='ltr'>Philogenes</span> <span class='ocrx_word' id='word_1_175' title='bbox 582 2695 700 2734; x_wconf 91' lang='lat' dir='ltr'>mecum</span> <span class='ocrx_word' id='word_1_176' title='bbox 715 2677 789 2733; x_wconf 89' lang='lat' dir='ltr'>nihil</span> <span class='ocrx_word' id='word_1_177' title='bbox 805 2695 946 2750; x_wconf 89' lang='lat' dir='ltr'>umquam</span> <span class='ocrx_word' id='word_1_178' title='bbox 957 2678 995 2735; x_wconf 90' lang='lat' dir='ltr'>de</span> <span class='ocrx_word' id='word_1_179' title='bbox 1007 2678 1158 2734; x_wconf 80' lang='lat' dir='ltr'>Luscenio</span> 
     </span>
     <span class='ocr_line' id='line_1_23' title="bbox 162 2774 1211 2850; baseline -0.001 -19"><span class='ocrx_word' id='word_1_180' title='bbox 162 2775 281 2833; x_wconf 91' lang='lat' dir='ltr'>locutus</span> <span class='ocrx_word' id='word_1_181' title='bbox 296 2781 361 2843; x_wconf 86' lang='lat' dir='ltr'>est;</span> <span class='ocrx_word' id='word_1_182' title='bbox 385 2775 422 2831; x_wconf 93' lang='lat' dir='ltr'>de</span> <span class='ocrx_word' id='word_1_183' title='bbox 440 2774 549 2831; x_wconf 89' lang='lat' dir='ltr'>ceteris</span> <span class='ocrx_word' id='word_1_184' title='bbox 564 2774 653 2831; x_wconf 88' lang='lat' dir='ltr'>rebus</span> <span class='ocrx_word' id='word_1_185' title='bbox 669 2774 765 2831; x_wconf 88' lang='lat' dir='ltr'>habes</span> <span class='ocrx_word' id='word_1_186' title='bbox 779 2774 972 2850; x_wconf 83' lang='lat' dir='ltr'>Dionysium.</span> <span class='ocrx_word' id='word_1_187' title='bbox 1018 2774 1157 2832; x_wconf 88' lang='lat' dir='ltr'>Sororem</span> <span class='ocrx_word' id='word_1_188' title='bbox 1173 2781 1211 2831; x_wconf 80' lang='lat'>20</span> 
     </span>
     <span class='ocr_line' id='line_1_24' title="bbox 163 2871 1158 2947; baseline -0.002 -18"><span class='ocrx_word' id='word_1_189' title='bbox 163 2878 246 2930; x_wconf 90' lang='lat' dir='ltr'>tuam</span> <span class='ocrx_word' id='word_1_190' title='bbox 275 2891 336 2929; x_wconf 89' lang='lat' dir='ltr'>non</span> <span class='ocrx_word' id='word_1_191' title='bbox 364 2872 486 2929; x_wconf 86' lang='lat' dir='ltr'>venisse</span> <span class='ocrx_word' id='word_1_192' title='bbox 515 2871 546 2927; x_wconf 92' lang='lat' dir='ltr'>in</span> <span class='ocrx_word' id='word_1_193' title='bbox 574 2872 731 2929; x_wconf 86' lang='lat' dir='ltr'>Arcanum</span> <span class='ocrx_word' id='word_1_194' title='bbox 763 2872 864 2928; x_wconf 90' lang='lat' dir='ltr'>miror.</span> <span class='ocrx_word' id='word_1_195' title='bbox 909 2872 957 2929; x_wconf 91' lang='lat' dir='ltr'>De</span> <span class='ocrx_word' id='word_1_196' title='bbox 986 2871 1158 2947; x_wconf 87' lang='lat' dir='ltr'>Chrysippo</span> 
     </span>
     <span class='ocr_line' id='line_1_25' title="bbox 163 2968 1157 3044; baseline -0.002 -16"><span class='ocrx_word' id='word_1_197' title='bbox 163 2990 263 3028; x_wconf 91' lang='lat' dir='ltr'>meum</span> <span class='ocrx_word' id='word_1_198' title='bbox 278 2970 437 3028; x_wconf 90' lang='lat' dir='ltr'>consilium</span> <span class='ocrx_word' id='word_1_199' title='bbox 460 2969 582 3044; x_wconf 91' lang='lat' dir='ltr'>probari</span> <span class='ocrx_word' id='word_1_200' title='bbox 603 2970 659 3026; x_wconf 90' lang='lat' dir='ltr'>tibi</span> <span class='ocrx_word' id='word_1_201' title='bbox 680 2988 743 3025; x_wconf 91' lang='lat' dir='ltr'>non</span> <span class='ocrx_word' id='word_1_202' title='bbox 765 2970 892 3026; x_wconf 89' lang='lat' dir='ltr'>moleste</span> <span class='ocrx_word' id='word_1_203' title='bbox 914 2971 991 3027; x_wconf 84' lang='lat' dir='ltr'>fero.</span> <span class='ocrx_word' id='word_1_204' title='bbox 1037 2968 1098 3028; x_wconf 86' lang='lat' dir='ltr'>Sed</span> <span class='ocrx_word' id='word_1_205' title='bbox 1120 2970 1157 3027; x_wconf 91' lang='lat' dir='ltr'>de</span> 
     </span>
     <span class='ocr_line' id='line_1_26' title="bbox 162 3067 1157 3141; baseline -0.003 -15"><span class='ocrx_word' id='word_1_206' title='bbox 162 3070 325 3126; x_wconf 84' lang='lat' dir='ltr'>Formiano</span> <span class='ocrx_word' id='word_1_207' title='bbox 346 3068 542 3125; x_wconf 87' lang='lat' dir='ltr'>Tarracinam</span> <span class='ocrx_word' id='word_1_208' title='bbox 563 3067 660 3140; x_wconf 91' lang='lat' dir='ltr'>pridie</span> <span class='ocrx_word' id='word_1_209' title='bbox 682 3067 754 3123; x_wconf 89' lang='lat' dir='ltr'>Kal.</span> <span class='ocrx_word' id='word_1_210' title='bbox 779 3068 847 3124; x_wconf 90' lang='lat' dir='ltr'>Ian.</span> <span class='ocrx_word' id='word_1_211' title='bbox 871 3068 941 3125; x_wconf 85' lang='lat' dir='ltr'>inde</span> <span class='ocrx_word' id='word_1_212' title='bbox 962 3067 1157 3141; x_wconf 90' lang='lat' dir='ltr'>Pomptinum</span> 
     </span>
     <span class='ocr_line' id='line_1_27' title="bbox 162 3166 1155 3239; baseline -0.004 -14"><span class='ocrx_word' id='word_1_213' title='bbox 162 3186 291 3238; x_wconf 87' lang='lat' dir='ltr'>sumam,</span> <span class='ocrx_word' id='word_1_214' title='bbox 309 3168 378 3225; x_wconf 91' lang='lat' dir='ltr'>inde</span> <span class='ocrx_word' id='word_1_215' title='bbox 394 3167 548 3223; x_wconf 82' lang='lat' dir='ltr'>Albanum</span> <span class='ocrx_word' id='word_1_216' title='bbox 562 3166 718 3239; x_wconf 84' lang='lat' dir='ltr'>Pompeii3</span> <span class='ocrx_word' id='word_1_217' title='bbox 742 3166 783 3222; x_wconf 90' lang='lat' dir='ltr'>ita</span> <span class='ocrx_word' id='word_1_218' title='bbox 799 3166 838 3222; x_wconf 89' lang='lat' dir='ltr'>ad</span> <span class='ocrx_word' id='word_1_219' title='bbox 853 3166 957 3222; x_wconf 91' lang='lat' dir='ltr'>urbem</span> <span class='ocrx_word' id='word_1_220' title='bbox 973 3183 1020 3221; x_wconf 91' lang='lat'>111.</span> <span class='ocrx_word' id='word_1_221' title='bbox 1037 3166 1155 3235; x_wconf 88' lang='lat' dir='ltr'>Nonas,</span> 
     </span>
     <span class='ocr_line' id='line_1_28' title="bbox 162 3264 1210 3342; baseline -0.004 -19"><span class='ocrx_word' id='word_1_222' title='bbox 162 3267 257 3324; x_wconf 87' lang='lat' dir='ltr'>natali</span> <span class='ocrx_word' id='word_1_223' title='bbox 272 3285 350 3324; x_wconf 86' lang='lat' dir='ltr'>meo.</span> <span class='ocrx_word' id='word_1_224' title='bbox 400 3266 449 3342; x_wconf 80' lang='lat' dir='ltr'>(l)</span> <span class='ocrx_word' id='word_1_225' title='bbox 475 3266 522 3322; x_wconf 88' lang='lat' dir='ltr'>De</span> <span class='ocrx_word' id='word_1_226' title='bbox 538 3283 569 3322; x_wconf 91' lang='lat' dir='ltr'>re</span> <span class='ocrx_word' id='word_1_227' title='bbox 585 3264 707 3338; x_wconf 90' lang='lat' dir='ltr'>publica</span> <span class='ocrx_word' id='word_1_228' title='bbox 722 3265 833 3322; x_wconf 91' lang='lat' dir='ltr'>cotidie</span> <span class='ocrx_word' id='word_1_229' title='bbox 848 3265 945 3341; x_wconf 86' lang='lat' dir='ltr'>magis</span> <span class='ocrx_word' id='word_1_230' title='bbox 963 3264 1074 3335; x_wconf 88' lang='lat' dir='ltr'>timeo;</span> <span class='ocrx_word' id='word_1_231' title='bbox 1097 3281 1158 3320; x_wconf 90' lang='lat' dir='ltr'>non</span> <span class='ocrx_word' id='word_1_232' title='bbox 1173 3268 1210 3320; x_wconf 82' lang='lat'>25</span> 
     </span>
     <span class='ocr_line' id='line_1_29' title="bbox 162 3362 1158 3439; baseline -0.002 -19"><span class='ocrx_word' id='word_1_233' title='bbox 162 3366 242 3421; x_wconf 91' lang='lat' dir='ltr'>enim</span> <span class='ocrx_word' id='word_1_234' title='bbox 270 3365 355 3434; x_wconf 81' lang='lat' dir='ltr'>boni,</span> <span class='ocrx_word' id='word_1_235' title='bbox 385 3369 420 3421; x_wconf 91' lang='lat' dir='ltr'>ut</span> <span class='ocrx_word' id='word_1_236' title='bbox 448 3364 564 3438; x_wconf 77' lang='lat' dir='ltr'>putavi,</span> <span class='ocrx_word' id='word_1_237' title='bbox 592 3364 798 3421; x_wconf 87' lang='lat' dir='ltr'>consentiunt.</span> <span class='ocrx_word' id='word_1_238' title='bbox 843 3362 926 3435; x_wconf 85' lang='lat' dir='ltr'>Quos</span> <span class='ocrx_word' id='word_1_239' title='bbox 956 3380 1013 3439; x_wconf 85' lang='lat' dir='ltr'>ego</span> <span class='ocrx_word' id='word_1_240' title='bbox 1041 3362 1158 3435; x_wconf 91' lang='lat' dir='ltr'>equites</span> 
     </span>
     <span class='ocr_line' id='line_1_30' title="bbox 162 3461 1156 3535; baseline -0.003 -17"><span class='ocrx_word' id='word_1_241' title='bbox 162 3462 328 3532; x_wconf 87' lang='lat' dir='ltr'>Romanos,</span> <span class='ocrx_word' id='word_1_242' title='bbox 345 3480 422 3535; x_wconf 88' lang='lat' dir='ltr'>quos</span> <span class='ocrx_word' id='word_1_243' title='bbox 444 3467 601 3519; x_wconf 87' lang='lat' dir='ltr'>senatores</span> <span class='ocrx_word' id='word_1_244' title='bbox 617 3462 689 3529; x_wconf 82' lang='lat' dir='ltr'>vidi,</span> <span class='ocrx_word' id='word_1_245' title='bbox 714 3462 765 3535; x_wconf 91' lang='lat' dir='ltr'>qui</span> <span class='ocrx_word' id='word_1_246' title='bbox 788 3461 931 3519; x_wconf 90' lang='lat' dir='ltr'>acerrime</span> <span class='ocrx_word' id='word_1_247' title='bbox 954 3478 1023 3518; x_wconf 91' lang='lat' dir='ltr'>curn</span> <span class='ocrx_word' id='word_1_248' title='bbox 1043 3464 1156 3529; x_wconf 83' lang='lat' dir='ltr'>cetera,</span> 
     </span>
     <span class='ocr_line' id='line_1_31' title="bbox 162 3558 1158 3633; baseline -0.003 -17"><span class='ocrx_word' id='word_1_249' title='bbox 162 3564 226 3616; x_wconf 90' lang='lat' dir='ltr'>tum</span> <span class='ocrx_word' id='word_1_250' title='bbox 248 3560 305 3617; x_wconf 90' lang='lat' dir='ltr'>hoo</span> <span class='ocrx_word' id='word_1_251' title='bbox 327 3560 385 3616; x_wconf 85' lang='lat' dir='ltr'>iter</span> <span class='ocrx_word' id='word_1_252' title='bbox 405 3559 543 3633; x_wconf 89' lang='lat' dir='ltr'>Pompeii</span> <span class='ocrx_word' id='word_1_253' title='bbox 564 3558 791 3632; x_wconf 89' lang='lat' dir='ltr'>vituperarent!</span> <span class='ocrx_word' id='word_1_254' title='bbox 824 3576 898 3632; x_wconf 88' lang='lat' dir='ltr'>pace</span> <span class='ocrx_word' id='word_1_255' title='bbox 920 3576 998 3631; x_wconf 89' lang='lat' dir='ltr'>opus</span> <span class='ocrx_word' id='word_1_256' title='bbox 1022 3563 1086 3615; x_wconf 87' lang='lat' dir='ltr'>est:</span> <span class='ocrx_word' id='word_1_257' title='bbox 1118 3574 1158 3613; x_wconf 85' lang='lat' dir='ltr'>ex</span> 
     </span>
    </p>
   </div>
   <div class='ocr_carea' id='block_1_6' title="bbox 304 3718 1078 3867">
    <p class='ocr_par' dir='ltr' id='par_1_6' title="bbox 304 3718 1078 3867">
     <span class='ocr_line' id='line_1_32' title="bbox 304 3718 1078 3785; baseline -0.001 -16"><span class='ocrx_word' id='word_1_258' title='bbox 304 3720 482 3780; x_wconf 88' lang='lat' dir='ltr'>1recentiora,</span> <span class='ocrx_word' id='word_1_259' title='bbox 495 3721 533 3769; x_wconf 76' lang='lat' dir='ltr'>ie.</span> <span class='ocrx_word' id='word_1_260' title='bbox 548 3720 605 3768; x_wconf 79' lang='lat' dir='ltr'>tion</span> <span class='ocrx_word' id='word_1_261' title='bbox 617 3720 731 3784; x_wconf 76' lang='lat' dir='ltr'>riefacm</span> <span class='ocrx_word' id='word_1_262' title='bbox 743 3718 870 3769; x_wconf 80' lang='lat' dir='ltr'>contained</span> <span class='ocrx_word' id='word_1_263' title='bbox 882 3719 907 3768; x_wconf 80' lang='lat' dir='ltr'>ia</span> <span class='ocrx_word' id='word_1_264' title='bbox 919 3736 979 3785; x_wconf 78' lang='lat' dir='ltr'>your</span> <span class='ocrx_word' id='word_1_265' title='bbox 990 3718 1078 3768; x_wconf 79' lang='lat' dir='ltr'>letters.</span> 
     </span>
     <span class='ocr_line' id='line_1_33' title="bbox 304 3800 697 3867; baseline -0.005 -15"><span class='ocrx_word' id='word_1_266' title='bbox 304 3802 315 3835; x_wconf 75' lang='lat'>²</span> <span class='ocrx_word' id='word_1_267' title='bbox 327 3802 486 3863; x_wconf 87' lang='lat' dir='ltr'>valetudine,</span> <span class='ocrx_word' id='word_1_268' title='bbox 498 3810 558 3851; x_wconf 78' lang='lat' dir='ltr'>state</span> <span class='ocrx_word' id='word_1_269' title='bbox 570 3803 602 3867; x_wconf 86' lang='lat' dir='ltr'>⁰f</span> <span class='ocrx_word' id='word_1_270' title='bbox 611 3800 697 3851; x_wconf 75' lang='lat' dir='ltr'>realta</span> 
     </span>
    </p>
   </div>
   <div class='ocr_carea' id='block_1_7' title="bbox 0 0 1419 4300">
    <p class='ocr_par' dir='ltr' id='par_1_7' title="bbox 0 0 1419 4300">
     <span class='ocr_line' id='line_1_34' title="bbox 0 0 1419 4300; baseline 0 0"><span class='ocrx_word' id='word_1_271' title='bbox 0 0 1419 4300; x_wconf 95' lang='lat' dir='ltr'> </span> 
     </span>
    </p>
   </div>
  </div>
 </body>
</html>
