2817 4300
180 372 221 433 96
361 386 578 433 ssaacrrous
602 385 704 432 raom
726 385 840 432 sarm
863 385 1047 432 Aornoss.

180 564 237 616 795
253 558 299 614 ira
313 558 385 614 dare
401 562 454 614 aut
467 557 565 613 virtus
579 556 706 630 patitur,
722 573 779 612 neo
793 552 933 612 ¹rendere
949 561 1055 613 contra

255 653 304 710 ille
319 654 440 727 quidem
456 653 513 710 hoe
528 653 654 726 cupiens
669 652 749 726 potis
765 657 813 709 est
827 669 880 727 per
895 651 956 708 tela
969 652 1130 726 virosque:

254 751 336 807 haud
351 750 439 806 aliter
452 755 534 807 retro
549 749 659 831 dubius
673 749 804 824 vestigia
818 749 939 805 Turnus

255 848 460 922 improperata
473 847 579 915 refert,
596 851 628 902 et
641 863 727 902 mens
743 850 905 903 exaestuat
918 846 973 902 ira.

285 1053 407 1126 Jupiter
422 1053 510 1108 sends
525 1052 598 1120 Iris,
615 1053 678 1107 aad
697 1051 820 1107 Tamus
834 1069 951 1123 escapes
965 1041 1012 1108 the
1026 1059 1113 1109 town.

255 1184 335 1256 Quin
350 1184 442 1240 etiam
456 1183 505 1239 bis
520 1187 584 1239 tum
599 1182 716 1238 medios
731 1182 886 1238 invaserat
900 1182 1008 1250 hostis,

183 1287 241 1338 800
256 1282 303 1336 bis
318 1280 448 1337 confusa
463 1281 535 1353 suga
549 1296 604 1352 per
618 1296 721 1335 muros
736 1278 859 1353 agmina
873 1279 984 1350 vertit3

257 1379 311 1435 sed
325 1395 432 1434 manus
448 1395 464 1433 e
479 1376 587 1434 eastris
601 1372 747 1450 ²pr0pere
762 1375 824 1433 coit
838 1375 937 1432 omnis
952 1377 983 1430 in
998 1394 1102 1444 unum,

257 1493 313 1533 nee
327 1480 434 1532 contra
448 1474 528 1531 vires
544 1473 636 1530 audet
651 1472 795 1531 Saturnia
809 1473 888 1529 Iuno

257 1573 403 1642 sufficere,
421 1572 531 1628 aeriam
547 1570 632 1628 caelo
646 1588 717 1626 nam
732 1570 871 1643 Iuppiter
885 1570 958 1626 Irim

257 1670 380 1727 demisit
392 1667 575 1744 ³germanae
589 1668 671 1724 hand
686 1667 790 1724 mollia
805 1667 888 1724 iussa
902 1668 1063 1737 ferentem,

185 1775 241 1824 805
258 1769 290 1824 ni
304 1767 425 1824 Turnus
439 1763 545 1824 4cedat
558 1767 744 1823 Teucrorum
759 1765 917 1822 moenibus
932 1765 1013 1821 altis.

258 1868 341 1943 Ergo
355 1884 411 1923 neo
427 1866 525 1940 clipeo
539 1865 657 1923 iuvenis
672 1865 839 1921 subsistere
854 1869 973 1921 tantum

259 1983 315 2022 neo
326 1965 436 2021 dextra
451 1963 550 2021 valet:
574 1962 693 2019 iniectis
710 1962 753 2019 sio
767 1962 900 2035 undique
916 1961 984 2018 telis

258 2063 404 2119 obruitur.
447 2057 581 2134 ⁶Strepit
595 2060 724 2117 adsiduo
738 2077 815 2117 cava
829 2063 967 2132 tempora
982 2060 1093 2117 circum

257 2157 385 2233 “tinnitu
400 2160 499 2236 galea,
516 2165 548 2216 et
562 2159 647 2215 saxis
662 2158 762 2215 solida
776 2176 848 2215 aera
862 2158 1021 2225 fatiscunt,

186 2265 244 2314 810
258 2258 474 2331 discussaeque
488 2254 593 2313 ⁷iubae
608 2252 729 2330 ⁸eapiti‚
747 2273 803 2312 neo
818 2255 928 2311 suffieit
941 2251 1049 2311 ”umbo

258 2356 387 2412 iotibus:
411 2354 601 2429 ingeminant
614 2353 712 2409 hastis
726 2356 757 2409 et
771 2353 867 2408 Troes
882 2356 914 2409 et
928 2352 992 2425 ipse

259 2453 421 2510 fulmineus
435 2451 628 2508 Mnestheus.
672 2450 751 2505 Tum
766 2453 833 2506 toto
847 2465 973 2522 corpore
988 2450 1081 2505 sudor

259 2550 383 2623 liquitur
397 2554 429 2607 et
442 2546 598 2623 l⁰pioeum‚
615 2566 672 2606 nee
686 2548 836 2621 respirare
852 2553 1001 2621 potestas,

259 2643 394 2703 11flumen
409 2646 492 2722 agit3
515 2646 616 2703 fessos
631 2644 730 2719 quatit
744 2662 835 2720 aeger
849 2643 1000 2701 anhelitus
1015 2650 1111 2701 artus,

185 2752 243 2801 815
258 2744 335 2801 Tum
352 2744 471 2800 demum
487 2760 634 2816 praeceps
649 2741 730 2798 saltu
745 2758 812 2797 sese
827 2741 967 2797 omnibus
983 2741 1074 2797 armis

258 2842 289 2898 in
305 2841 428 2897 fluvium
444 2840 546 2897 dedit:
569 2839 619 2897 ille
634 2856 690 2895 suo
706 2856 773 2895 oum
789 2838 908 2914 gurgite
923 2839 1003 2895 flavo

259 2939 377 3012 accepit
390 2938 564 2994 venientem
578 2954 614 2993 ae
629 2936 770 2992 mollibus
785 2935 896 2993 extulit
910 2936 999 2992 undis

258 3041 290 3093 et
303 3035 416 3092 laetum
432 3034 523 3091 sociis
537 3033 643 3091 abluta
658 3034 751 3091 caede
766 3033 893 3090 remisit.

184 3203 194 3236 ¹
207 3204 313 3253 tendere
331 3202 439 3267 depends
455 3219 483 3250 on
498 3203 567 3264 potis
579 3207 619 3251 est
627 3218 634 3260 ;
652 3202 723 3263 cupi·
811 3198 822 3231 ⁵
834 3200 927 3261 strepit
940 3222 963 3242 =
977 3206 1061 3249 sonat.

234 3302 288 3347 ens,
308 3285 364 3334 aar
386 3284 517 3334 concessive
533 3284 621 3348 sorce;
643 3283 721 3345 potis,
809 3282 937 3340 ⁶tinnitu‚
950 3282 1053 3346 rr'nqr'ny.

233 3367 273 3417 abl
287 3407 292 3417 .
808 3364 817 3396 ⁷
829 3365 918 3427 jubae,
931 3372 1012 3412 cresis.

184 3451 195 3483 2
206 3466 325 3513 propere,
337 3467 390 3515 syn.
403 3451 479 3509 citus,
490 3449 606 3511 rapidus,
615 3448 692 3497 celer.
809 3445 819 3479 ⁸
831 3447 920 3508 capiti,
933 3446 1036 3510 dntfirr
1047 3445 1095 3496 abl.

184 3532 195 3565 ⁸
207 3548 347 3595 germanae
362 3533 491 3597 (sororis),
502 3533 576 3582 Jnno.
808 3527 918 3587 ⁹umbo,
926 3528 1005 3577 slrield
1015 3532 1131 3595 (pnrtfor
1139 3529 1233 3594 whole).

183 3614 194 3648 ⁴
207 3616 291 3664 cedat.
333 3614 380 3663 rte
398 3614 513 3679 apodoris
533 3614 554 3662 is
571 3610 674 3677 implied
693 3612 719 3660 in
797 3610 818 3644 ¹⁰
830 3612 943 3673 piceum,
955 3628 1009 3675 syn.
1021 3613 1103 3673 niger,
1115 3629 1153 3660 see
1165 3611 1181 3662 l.
1194 3612 1234 3661 75.

233 3696 281 3745 line
294 3696 349 3746 804.
797 3692 818 3725 ¹1
830 3693 936 3752 flumen,
946 3691 982 3741 tte
992 3692 1113 3758 sudoros
1117 3692 1165 3743 liae
1176 3694 1231 3744 812.
