2817 4300
563 397 730 459 vnaem's
753 414 889 459 manre.
1210 393 1253 459 65

255 583 451 659 tempestas?
493 584 632 640 Medium
646 584 736 640 rideo
750 585 907 641 discedere
921 585 1039 642 eaelum
1215 589 1253 639 20

256 678 265 710 ¹
271 681 463 754 palantisque
480 680 551 755 polo
566 681 681 737 stellas.
728 683 845 754 Sequor
858 682 961 738 omina
975 686 1074 750 tanta,

256 778 393 852 quisquis
409 779 440 833 in
455 796 539 834 arma
553 778 670 836 vocas’
713 779 754 835 Et
767 779 813 836 sic
828 781 939 835 effatus
955 779 994 835 ad
1009 779 1123 835 undam

256 876 406 950 processit
420 893 597 948 summoque
613 876 714 932 hausit
728 877 766 932 de
781 876 900 951 gurgite
915 873 1083 951 t'lympham

257 973 353 1030 multa
368 973 442 1029 deos
456 971 576 1041 ³orans‚
592 973 791 1046 oneravitque
807 975 930 1030 aethera
944 974 1035 1030 votis.

269 1135 329 1191 The
338 1135 539 1206 preparation
547 1135 603 1207 scr
618 1151 681 1190 war
695 1136 728 1189 in
744 1135 897 1190 obediente
911 1142 940 1190 to
954 1136 982 1194 J
981 1136 1068 1190 nno'a
1082 1137 1200 1208 arpino.

299 1249 424 1321 Iamque
440 1247 538 1304 omnis
554 1247 669 1322 eampis
684 1248 838 1305 exercitus
853 1249 918 1305 ibat
932 1249 1057 1322 apertis,
1136 1269 1139 1273 ·
1216 1255 1252 1304 25

258 1346 344 1402 dives
359 1362 480 1418 equum,
498 1344 583 1401 dives
597 1341 708 1418 ⁴pictai
722 1347 818 1402 restis
833 1352 864 1402 et
879 1347 961 1414 auri;

259 1444 422 1516 Messapus
437 1443 551 1516 primas
566 1442 659 1506 acies,
677 1448 832 1516 postrema
846 1449 987 1501 coercent

259 1541 426 1615 Tyrrhidae
443 1540 579 1608 iuvenca,
596 1540 697 1597 medio
712 1541 775 1597 dux
792 1541 911 1616 agmine
925 1541 1048 1598 Turnus

264 1639 403 1716 (venitur
417 1655 507 1694 armo
521 1644 621 1694 teneas
636 1645 663 1694 et
678 1645 737 1693 toto
751 1640 857 1694 certae
872 1640 1052 1713 capraea),

260 1753 315 1794 eeu
331 1740 447 1809 septem
463 1753 591 1810 surgens
607 1735 723 1792 sedatis
738 1736 879 1791 amnibus
894 1736 974 1792 altus

260 1851 315 1908 per
329 1834 454 1890 tacitum
471 1812 597 1908 Gang'es
612 1839 665 1890 aut
680 1833 787 1908 pingui
802 1833 923 1890 flumine
938 1833 1028 1901 Nilus

260 1949 329 1988 cum
343 1931 440 1988 refluit
455 1931 570 2005 campis
586 1936 616 1988 ct
631 1930 691 1987 iam
706 1949 739 1988 se
755 1931 892 1989 condidit
906 1931 1002 1989 alveo.

260 2029 321 2085 Hic
336 2029 469 2085 subitam
483 2028 570 2103 nigro
585 2027 747 2103 glomerari
762 2028 886 2102 pulvere
901 2029 1013 2086 nubem

260 2126 451 2201 prospiciunt
465 2125 575 2183 Teucri
589 2144 625 2183 ac
639 2127 783 2183 tenebras
799 2126 954 2203 insurgere
969 2128 1097 2201 campis.

260 2225 380 2281 Primus
396 2225 434 2281 ab
449 2225 579 2282 adversa
593 2224 765 2282 conclamat
779 2224 857 2281 mole
873 2223 1001 2281 Caicus:

264 2303 373 2395 “Quis
388 2322 508 2399 giobuS,
525 2340 544 2378 0
559 2322 653 2391 civeS,
671 2322 801 2397 caligine
817 2322 950 2379 volvitur
964 2322 1050 2379 atra?

262 2419 351 2476 Ferte
367 2419 419 2476 citi
434 2420 559 2489 ferrum,
576 2420 648 2476 date
663 2419 735 2487 tela,
753 2418 909 2476 ascendite
924 2438 1037 2489 muros,

262 2517 358 2574 hostis
374 2518 473 2587 adest,
489 2517 575 2574 heia!
588 2516 595 2540 ’
638 2516 761 2593 Ingenti
776 2516 907 2573 clamore
923 2535 976 2590 per
990 2518 1089 2574 omnis

262 2616 397 2681 condunt
412 2633 443 2671 se
459 2615 568 2671 Teucri
584 2619 689 2688 portas
705 2619 736 2670 et
750 2614 871 2670 moenia
885 2614 1049 2687 complent.

262 2712 401 2785 Namque
417 2712 460 2769 ita
474 2712 636 2769 discedens
652 2717 850 2785 praeceperat
865 2717 1008 2784 optumus
1024 2711 1116 2767 armis

262 2810 403 2867 Aeneas:
428 2809 515 2882 siqua
530 2808 646 2865 interea
661 2809 784 2865 fortuna
799 2809 921 2878 fuisset,

262 2926 321 2964 neu
336 2913 451 2964 struere
467 2907 615 2963 auderent
630 2906 725 2963 aciem
741 2924 800 2963 neu
815 2907 937 2963 eredere
952 2924 1079 2978 camp03

262 3010 363 3063 castra
378 3006 468 3062 modo
483 3010 514 3061 et
529 3009 612 3061 tutos
627 3009 786 3061 servarent
801 2994 911 3079 aggere
927 3020 1038 3059 muros.

262 3103 345 3180 Ergo
360 3103 418 3160 etsi
433 3104 573 3160 conferre
588 3121 712 3160 manum
727 3103 825 3176 pudor
839 3102 942 3174 iraque
956 3104 1118 3169 monstrat,

252 3202 397 3277 obiciunt
412 3208 518 3277 portas
533 3208 635 3260 tamon
652 3208 682 3258 et
697 3205 862 3275 praecepta
876 3200 1035 3255 facessunt

262 3303 429 3376 armatique
445 3298 546 3359 6cavis
562 3305 729 3375 expectant
744 3298 877 3356 turribus
892 3298 1021 3352 hostem.

382 3432 392 3465 ¹
405 3433 528 3495 palantis,
542 3431 596 3479 with
609 3431 700 3479 stellas
713 3452 737 3473 =
746 3428 851 3493 planeta.

382 3514 393 3547 ²
404 3516 535 3577 lymphas,
549 3523 629 3561 water.

382 3597 394 3631 ³
406 3613 491 3657 orans,
501 3598 630 3662 governing
642 3604 686 3644 two
698 3613 762 3644 aces.

382 3680 393 3713 4
405 3681 497 3743 pictai,
507 3696 560 3745 gea.
573 3695 627 3727 cosa
640 3676 754 3742 oldferm
760 3679 805 3742 for
817 3678 912 3739 pictae,
922 3674 1032 3740 pointed.

383 3760 465 3825 ⁵qnis
478 3762 572 3825 globus
580 3784 604 3805 =
613 3766 729 3823 quantus
742 3760 844 3823 globus.
879 3759 988 3817 Globus,
1000 3756 1071 3805 elaad
1084 3754 1211 3821 (ffdust).

383 3843 485 3903 ⁶cavis,
498 3858 587 3903 cavus,
600 3858 632 3902 a,
644 3858 706 3891 -um.
