2817 4300
186 379 205 440 8
367 395 583 458 SELEGTlONS
609 394 710 439 FROM
734 394 847 438 LATIN
872 392 1053 438 AUTHORS.

240 564 345 634 ferior,
379 564 589 621 adolescentes
625 569 717 637 atque
753 563 915 636 expeditos
950 581 989 618 ex
1026 560 1237 635 antesignanis

241 661 345 718 electis
368 661 407 718 ad
432 658 660 736 3pernicitatem
682 661 775 727 armis
796 661 876 716 inter
890 659 1007 731 equites
1028 657 1168 732 proeliari
1190 658 1238 729 ju·

240 758 337 828 beret,
367 758 418 831 qui
447 757 626 832 quotidiana
655 758 875 815 consuetudine
904 774 993 812 usum
1021 772 1141 828 quoque
1170 755 1238 826 ejus

239 856 359 932 generis
382 856 565 929 proeliorum
587 856 789 929 perciperent.
834 855 893 909 His
909 858 975 910 erat
989 853 1079 908 rebus
1095 854 1239 908 effectum

149 967 155 975 ⁴
207 958 275 1010 but
290 953 423 1026 equiturn
438 953 519 1009 mille
535 955 628 1009 etiam
650 953 852 1026 apertioribus
867 950 942 1008 locis
957 968 1003 1005 vn
1020 949 1134 1005 milium
1148 950 1238 1005 Pom-

241 1050 418 1125 peianorum
432 1050 590 1124 impeturn,
604 1068 672 1106 curn
687 1050 811 1106 adesset
822 1066 907 1118 nsua,
925 1048 1075 1104 sustinere
1091 1047 1239 1103 auderent

239 1165 337 1221 neque
358 1165 542 1222 magnopere
563 1165 665 1204 eorum
686 1146 881 1203 multitudine
902 1149 1098 1202 terrerentur.
1144 1144 1239 1200 Nam-

240 1263 297 1318 que
313 1245 405 1302 etiam
426 1262 480 1319 per
502 1262 554 1300 eos
570 1245 635 1300 dies
658 1242 806 1317 proelium
828 1243 995 1300 secundum
1010 1244 1150 1314 equestre
1166 1241 1240 1296 fecit

230 1347 331 1415 ,atque
354 1359 447 1398 unum
472 1341 672 1416 Allobrogem
695 1360 735 1398 ex
757 1341 876 1398 duobus
898 1357 974 1412 quos
1004 1339 1177 1414 perfugisse
1199 1338 1239 1393 ad

188 1445 225 1495 10
240 1439 417 1513 Pompeium
434 1457 525 1512 supra
540 1438 709 1506 docuimus
727 1457 795 1494 cum
820 1437 1002 1511 quibusdam
1017 1436 1181 1492 interfecit.

280 1517 441 1592 LXXXV.
472 1536 647 1610 Pompeius,
670 1535 722 1609 qui
743 1539 845 1592 castra
873 1535 904 1590 in
927 1534 1002 1591 colle
1031 1534 1175 1602 habebat,
1199 1532 1239 1587 ad

240 1633 359 1690 infimas
381 1634 500 1690 radices
515 1633 627 1690 montis
645 1635 741 1690 aciem
761 1633 942 1701 instruebat,
960 1649 1090 1705 semper,
1107 1635 1142 1686 ut
1155 1630 1238 1686 vide-

240 1731 340 1801 batur,
358 1740 554 1805 exspectans
572 1730 598 1786 si
624 1730 736 1803 iniquis
761 1730 848 1786 locis‘
863 1729 978 1786 Caesar
1003 1747 1036 1786 se
1062 1728 1236 1800 subjiceret.

241 1825 355 1885 Caesar
376 1828 459 1884 nulla
480 1829 598 1884 ratione
622 1827 661 1883 ad
685 1845 817 1903 pugnam
843 1823 925 1883 ⁴elici
947 1844 1038 1900 posse
1060 1825 1240 1899 Pompeium

189 1933 225 1983 15
242 1926 422 1983 existimans
437 1925 515 1981 hanc
531 1925 589 1981 sibi
605 1924 881 1982 commodissimam
896 1920 969 1980 belli
989 1927 1139 1980 rationem
1160 1922 1240 1994 judi·

242 2023 334 2093 cavit,
352 2023 396 2079 uti
416 2027 517 2079 castra
539 2041 578 2078 ex
600 2040 635 2082 eo
657 2021 725 2078 loco
746 2026 884 2078 moveret
905 2039 1082 2095 semperque
1105 2024 1187 2076 esset
1208 2019 1239 2075 in

242 2119 411 2207 itineribus
428 2121 503 2177 haec
525 2123 680 2194 spectans,
697 2124 732 2176 ut
745 2119 905 2176 movendis
920 2120 1028 2175 castris
1044 2117 1240 2192 pluribusque

242 2218 391 2275 adeundis
420 2217 495 2275 locis
521 2218 725 2274 commodiore
748 2235 779 2273 re
804 2217 1004 2273 frumentaria
1027 2220 1172 2284 uteretur,
1200 2215 1240 2270 si-

242 2314 364 2388 mulque
386 2314 416 2371 in
438 2316 544 2372 itinere
559 2320 594 2371 ut
615 2314 748 2387 aliquam
769 2314 961 2371 occasionem
979 2313 1144 2370 dimicandi
1165 2331 1240 2369 nan-

188 2418 227 2471 20
242 2412 407 2471 cisceretur
436 2417 467 2468 et
495 2412 650 2469 insolitum
678 2412 717 2468 ad
743 2411 878 2467 laborem
905 2411 1043 2485 Pompeii
1072 2411 1241 2467 exercitum

242 2510 429 2584 quotidianis
451 2509 610 2566 itineribus
632 2509 828 2585 defatigaret.
874 2509 932 2565 His
954 2509 1129 2565 constitutis
1149 2507 1240 2564 rebus

243 2606 331 2683 signo
359 2608 422 2679 jam
457 2607 654 2680 profectionis
680 2606 754 2663 dato
782 2604 1046 2679 tabernaculisque
1061 2602 1238 2673 ·⁵detensis,

244 2704 491 2761 animadversum
505 2709 552 2760 est
573 2703 663 2777 paulo
675 2708 750 2763 ,ante
772 2708 861 2760 extra
882 2704 1091 2777 quotidianam
1114 2720 1241 2759 consue·

244 2802 382 2859 tudinem
403 2800 523 2875 longius
539 2820 557 2857 a
571 2799 651 2857 vallo
673 2818 741 2857 esse
757 2802 852 2857 aciem
874 2801 1012 2875 Pompeii
1034 2817 1238 2876 progressam,

191 2906 228 2957 25
244 2904 279 2955 ut
310 2916 371 2955 non
404 2898 506 2971 iniquo
541 2898 608 2955 loco
640 2916 731 2973 posse
766 2898 903 2955 dimicari
931 2898 1095 2954 videretur.
1153 2896 1241 2953 Tunc

245 2995 359 3052 Caesar
374 2996 456 3069 apud
471 3012 553 3064 suos,
571 3014 639 3051 cum
653 2997 718 3069 jam
740 3000 822 3051 esset
837 3013 945 3069 agmen
963 2998 994 3051 in
1012 2996 1119 3068 portiS,
1139 2999 1160 3027 ‘⁶
1172 2993 1241 3049 Dif-

245 3093 406 3150 ferendum
428 3092 508 3162 est,”
542 3092 649 3165 inquit,
676 3095 767 3148 “iter
788 3093 818 3147 in
843 3093 1016 3166 praesentia
1041 3093 1130 3148 nobis
1151 3096 1182 3147 et
1203 3092 1241 3147 de

245 3190 362 3264 proelio
381 3190 588 3266 cogitandum,
611 3190 690 3246 sicut
705 3208 824 3263 semper
839 3190 1083 3263 depoposoimus.
1128 3189 1242 3244 Animo

246 3287 340 3343 simus
353 3288 392 3343 ad
403 3286 609 3344 dimicandum
621 3287 720 3360 parati
732 3307 738 3341 ε
756 3305 817 3343 non
829 3286 919 3343 facile
931 3288 1123 3343 occasionem
1134 3292 1243 3359 postea

192 3392 230 3441 30
244 3384 430 3459 reperiemus
441 3384 477 3453 ”3
500 3380 740 3456 “confestimque
756 3384 918 3456 expeditas
934 3383 1038 3458 copias
1053 3383 1165 3439 educit.

344 3538 354 3571 ³
367 3540 561 3597 Pernicitatem,
573 3556 626 3603 syn.
640 3540 774 3587 velocitas.

345 3621 435 3678 *clici
445 3630 467 3668 to
481 3622 505 3667 be
519 3620 603 3668 drawn
617 3629 663 3669 oui.

345 3700 356 3734 ⁵
368 3703 490 3760 detensis,
502 3702 590 3751 struck.
622 3702 660 3766 Of.
674 3703 788 3751 tendere.

344 3782 516 3843 ⁶coniestim‚
528 3801 581 3847 syn.
597 3784 695 3843 statim,
709 3785 805 3843 subito,
817 3785 945 3846 protinus,
957 3791 1073 3846 repente.
