2817 4300
458 415 635 462 nxrnoms
658 415 704 463 or
727 415 965 464 anaxannua.
1195 401 1235 468 37

185 585 368 660 omissisque
393 585 484 644 armis
507 585 562 644 vix
582 582 774 660 1compotem
795 586 918 643 mentis.
961 587 1041 644 Tum
1061 588 1183 647 beluam

186 685 219 740 in
241 686 346 760 fugam
362 685 506 754 concitat,
524 691 669 757 sequente
691 685 884 741 Alexandro
929 685 990 742 Sed
1005 703 1100 758 equus
1115 687 1183 759 ejus

187 783 291 838 multis
328 782 505 839 vulneribus
542 779 726 838 ²confossus
765 782 969 855 deficiensque
1008 785 1179 856 procubuit,

187 880 290 952 posito
316 880 414 955 magis
443 879 538 954 Rege,
563 878 654 951 qudm
682 881 791 936 effuso.
836 879 945 952 Itaque
972 881 1044 936 dum
1072 899 1182 954 equum

187 981 296 1045 mutat,
314 976 431 1033 tardius
447 977 603 1033 insecutus
618 981 676 1033 est.
1218 989 1235 1037 5

228 1077 277 1129 aa.
309 1075 435 1130 Interim
458 1075 552 1130 frater
573 1074 692 1130 Taxilis
711 1073 806 1150 Regis
821 1074 979 1144 Indorum,
995 1077 1182 1148 praemissus

187 1171 226 1227 ab
248 1163 578 1242 Alexandro,‘m0nere
598 1172 700 1246 coepit
721 1172 844 1241 Porum,
861 1190 898 1229 ne
922 1172 1029 1229 ultima
1050 1174 1182 1248 experiri

186 1275 408 1342 perseveraret,
430 1270 615 1342 dederetque
637 1287 670 1326 se
690 1269 809 1327 victori.
853 1270 899 1326 At
919 1269 981 1341 ille,
998 1271 1182 1345 quamquem

188 1367 356 1424 exhaustae
382 1355 469 1424 eraut
493 1368 574 1424 vires
600 1367 821 1440 deficiebatque
846 1368 983 1444 sanguia,
1010 1374 1112 1426 tamen
1142 1371 1181 1428 ad

188 1471 292 1521 notam
314 1483 420 1523 vocem
449 1465 613 1534 excitatus,
639 1465 857 1540 “Agnosco,’'
889 1465 997 1539 iuquit,
1030 1467 1181 1524 “Taxilis
1198 1475 1235 1526 10

187 1563 326 1632 fratrem,
343 1563 462 1637 imperii
476 1565 622 1638 regnique
637 1563 684 1620 sui
699 1563 863 1638 proditoris
875 1581 882 1632 3
893 1563 911 1588 ”
933 1569 965 1620 et
979 1562 1083 1633 telum,
1100 1567 1181 1638 quod

187 1678 280 1717 unum
302 1661 383 1718 forte
405 1679 466 1716 non
489 1661 659 1731 effluxerat,
684 1661 834 1719 contorsit
855 1661 885 1716 in
908 1678 995 1730 eum3
1025 1664 1107 1736 quod
1128 1681 1182 1737 per

187 1759 320 1816 medium
352 1764 459 1833 pectus
491 1759 665 1833 penetravit
695 1760 736 1816 ad
774 1764 904 1834 tergum.
971 1759 1041 1817 Hoc
1075 1760 1182 1818 ultimo

188 1856 310 1914 virtutis
325 1875 417 1931 opere
432 1856 526 1927 edite,
540 1858 646 1932 fugere
661 1856 760 1914 acrius
772 1857 883 1931 coepit.
929 1856 989 1915 Sed
1001 1857 1182 1932 elephantus

188 1973 316 2029 quoque,
346 1955 398 2028 qui
426 1953 522 2011 multa
550 1959 715 2028 exceperat
743 1954 815 2023 tela,
843 1954 1014 2011 deficiebat.
1072 1956 1181 2029 Itaque
1198 1965 1234 2014 15
1275 1982 1281 1996 ¹

188 2053 271 2110 sistit
305 2049 639 2128 fugam,'peditemque
662 2051 802 2124 sequenti
827 2051 908 2108 hosti
929 2053 1053 2124 objecit.
1110 2054 1182 2110 Janr

187 2152 368 2209 Alexander
392 2157 573 2210 consecutus
599 2156 676 2221 erat,
703 2156 735 2207 et
759 2149 928 2225 pertinacia
950 2151 1021 2207 Pori
1046 2152 1180 2226 coguitt,

188 2249 314 2306 vetabat
328 2249 541 2306 resistentibus
561 2248 655 2323 parci.
700 2250 783 2324 Ergb
799 2248 931 2321 undique
955 2254 986 2305 et
1008 2248 1040 2305 in
1063 2250 1181 2322 pedites

188 2352 220 2403 et
234 2347 265 2402 in
280 2347 379 2419 ipsum
394 2348 505 2403 Porum
521 2346 582 2403 tela
593 2352 742 2422 congesta
756 2351 839 2415 sunt,
852 2346 963 2419 quibus
975 2346 1099 2402 tandem
1113 2365 1181 2423 gra-

188 2450 289 2513 vatus,
305 2444 367 2501 labi
382 2462 421 2501 ex
435 2444 526 2501 belua
540 2443 651 2517 coepit.
696 2443 804 2512 Indus,
821 2443 872 2515 qui
890 2443 1084 2517 elephantum
1098 2462 1183 2519 rege·
1197 2452 1236 2501 20

188 2541 253 2610 bat,
283 2542 468 2599 descendere
506 2560 574 2599 eum
612 2547 709 2611 ratus,
740 2558 822 2597 more
859 2540 951 2597 solito
987 2540 1182 2614 elephantum

188 2639 385 2713 procumbere
408 2639 500 2712 Jussit
523 2640 553 2695 iu
577 2656 695 2715 genua:
718 2638 770 2713 qui
790 2644 823 2695 ut
843 2656 876 2695 se
897 2638 1048 2707 submisit,
1071 2638 1183 2696 caeteri

189 2753 309 2809 quoque
338 2736 398 2813 (ita
422 2737 503 2793 enim
531 2736 664 2793 instituti
689 2736 791 2810 erant)
820 2737 968 2794 demisere
998 2754 1125 2810 corpora
1150 2736 1182 2794 in

188 2840 312 2891 terram.
356 2834 403 2891 Ea
416 2852 466 2891 res
481 2840 512 2891 et
526 2835 638 2891 Porum
653 2839 684 2892 et
698 2840 836 2892 caeteros
851 2834 1017 2892 victoribus
1032 2834 1168 2891 tradidit.

230 2933 279 2988 50.
309 2932 378 2988 Rex
402 2931 526 3005 spoliari
549 2949 659 3005 corpus
681 2931 765 3000 Pori,
788 2932 1003 3004 interemptum
1028 2948 1095 2987 esse
1119 2949 1182 2989 cre·
1198 2939 1235 2990 25

189 3031 277 3101 denS,
293 3029 404 3103 jussit:
427 3030 523 3103 etqui
547 3007 743 3085 detraherent
765 3028 890 3086 loricam
905 3034 1093 3103 vestemque,
1111 3046 1183 3086 con-

189 3147 319 3198 currere,
346 3130 416 3186 chm
438 3127 539 3185 bellua
558 3128 712 3185 dominum
733 3128 822 3199 tueri,
842 3133 874 3185 et
892 3129 1060 3202 spoliantes
1082 3128 1184 3202 coepit

190 3237 345 3302 appetere,
374 3227 568 3302 levatumque
602 3246 712 3301 corpus
748 3230 814 3301 ejus
846 3245 950 3284 rursus
984 3224 1095 3285 ³d0rs0
1126 3244 1183 3284 suo

190 3325 354 3399 imponere.
399 3328 481 3401 Ergb
503 3326 571 3383 telis
592 3326 724 3399 undique
746 3326 896 3393 obruitur,
913 3327 1118 3399 confossoque
1133 3343 1180 3394 eo,

190 3423 220 3479 in
236 3424 408 3481 vehiculum
422 3426 519 3483 Porus
542 3425 718 3498 imponitur.
763 3424 861 3497 Quem
875 3425 942 3481 Rex
964 3430 999 3481 ut
1013 3426 1090 3481 vidit
1111 3424 1182 3481 alle·
1198 3430 1236 3481 30

189 3528 313 3579 vantem
342 3521 458 3591 Ocalea,
489 3541 549 3579 non
578 3523 659 3591 odie,
689 3522 744 3579 sed
778 3516 971 3579 miseratione
1001 3528 1180 3587 commotus,

192 3622 213 3651 “
225 3617 321 3690 Quae,
338 3620 450 3675 malurn
463 3620 469 3676 l
483 3620 499 3644 ''
515 3619 624 3693 inquit,
643 3625 664 3653 “
676 3620 811 3676 amentia
822 3626 852 3677 te
864 3619 975 3695 coegit,
987 3637 1087 3677 rerum
1102 3637 1183 3677 mea-

276 3766 298 3850 „¹
310 3774 467 3829 compotem,
479 3768 504 3815 ia
517 3766 605 3816 control
617 3768 649 3832 os.
744 3766 754 3797 ²
767 3767 913 3828 confossus,
921 3764 1023 3833 pierced
1034 3766 1138 3831 throupt.

614 3848 626 3882 ⁸
638 3850 723 3910 dorso,
736 3849 803 3899 back.
