2817 4300
194 375 235 439 92
378 390 594 438 ssnucmons
616 390 717 438 FROM
740 389 852 436 LATIN
874 389 1052 439 AUTHORS.

263 561 386 620 Deserit
400 562 554 636 inceptum
568 565 659 634 atque
674 560 799 617 immani
813 561 950 619 concitus
966 561 1010 617 ira

190 666 247 717 695
263 659 451 716 Dardaniam
465 659 526 715 ruit
541 658 580 714 ad
595 663 715 731 portam
731 659 903 730 fratresque
918 658 1078 732 superbos.

262 757 304 813 Et
317 757 446 830 primum
462 756 663 830 Antiphaten,
681 755 707 811 is
722 755 850 812 enimse
865 756 979 829 primus
995 758 1117 832 agebat,

263 854 411 911 Thebana
425 853 463 910 de
478 860 574 910 matre
589 848 731 909 1nothum
747 852 934 927 Sarpedonis
948 855 1014 925 alti,

264 953 403 1010 coniecto
418 953 527 1010 sternit
542 953 658 1021 iaculo;
681 953 767 1010 volat
780 953 861 1010 Itala
875 950 1001 1011 ²cornus

263 1055 334 1108 aera
348 1069 402 1126 per
417 1056 554 1108 tenerum
566 1048 803 1125 3stomachoque
819 1052 913 1108 infixa
928 1053 984 1109 sub
1000 1051 1095 1109 altum

189 1157 247 1208 700
263 1155 370 1224 pectus
385 1150 467 1206 abit:
490 1149 591 1207 reddit
604 1145 731 1223 ⁴specus
747 1150 806 1206 atri
820 1149 952 1208 volneris
967 1151 1081 1207 undam

263 1253 467 1322 spumantem,
484 1253 515 1305 et
528 1248 592 1305 fixo
606 1249 721 1304 ferrum
737 1248 767 1304 in
783 1247 925 1322 pulmone
939 1244 1095 1321 ⁵tepescit.

263 1345 342 1402 Tum
369 1346 527 1418 Meropem
556 1351 647 1418 atque
675 1345 844 1421 Erymanta
869 1362 971 1424 manu,
997 1351 1062 1410 tum
1090 1345 1201 1402 sternit

309 1443 500 1516 Aphidnum,

262 1544 327 1597 tum
341 1540 446 1596 Bitian
461 1540 618 1597 ardentem
633 1539 729 1597 oculis
745 1540 914 1612 animisque
930 1541 1111 1597 frementem

263 1655 324 1693 non
339 1637 448 1706 iaculO,
465 1655 563 1710 neque
578 1637 659 1693 enim
674 1637 772 1694 iaculo
786 1637 882 1694 vitam
894 1637 944 1693 ille
959 1637 1105 1707 dedisset,

189 1739 246 1792 705
263 1735 317 1791 sed
332 1752 476 1810 magnum
491 1735 625 1791 stridens
641 1739 781 1791 contorta
795 1730 967 1808 ⁶phalarica
981 1734 1076 1804 venit,

263 1830 399 1887 fulminis
414 1837 484 1888 acta
498 1832 600 1901 modo,
617 1848 709 1903 quam
722 1849 778 1889 nec
793 1832 853 1889 duo
868 1837 973 1888 taurea
987 1836 1073 1907 terga

263 1945 319 1986 neo
333 1928 448 2002 duplici
460 1925 605 2001 7squama
619 1929 713 1986 lorica
728 1928 825 1986 fidelis
841 1934 872 1986 et
886 1947 960 1986 auro
989 1982 993 2008 Ι

262 2027 425 2083 sustinuit:
448 2026 594 2100 conlapsa
607 2033 700 2084 ruunt
715 2027 857 2083 immania
871 2027 1016 2084 membra.

262 2123 326 2181 Dat
340 2123 429 2181 tellus
444 2123 602 2200 gemitum,
619 2128 650 2181 et
664 2123 795 2199 clipeum
810 2142 901 2198 super
916 2125 1035 2183 intonat
1049 2123 1169 2201 ingens.

189 2228 247 2279 710
261 2222 347 2277 Talis
363 2222 394 2278 in
409 2222 547 2279 Euboico
562 2222 707 2278 Baiarum
721 2222 809 2279 litore
824 2223 978 2295 quondam

261 2315 373 2376 ⁸saxea
388 2319 451 2393 pila
465 2320 559 2389 cadit,
576 2320 696 2396 magnis
712 2337 801 2393 quam
817 2319 947 2377 molibus
962 2323 1034 2377 ante

263 2421 469 2474 constructam
484 2423 580 2490 ponto
594 2418 727 2485 iaciunt3
751 2417 795 2474 sic
809 2416 862 2473 illa
877 2418 993 2473 ruinam

262 2529 360 2586 prona
374 2514 468 2570 trahit
482 2514 664 2588 penitusque
679 2514 767 2572 vadis
783 2513 872 2570 inlisa
887 2514 1053 2572 recumbit:

262 2611 392 2668 miscent
406 2629 439 2667 se
453 2612 559 2680 maria,
577 2618 608 2669 et
622 2613 727 2688 nigrae
743 2612 923 2669 attolluntur
936 2612 1086 2680 harenae3

189 2714 246 2765 715
262 2712 326 2764 tum
342 2708 443 2764 sonitu
457 2705 627 2785 ⁹Prochyta
642 2710 705 2767 alta
720 2710 822 2767 tremit
836 2710 1003 2782 durumque
1018 2708 1116 2765 cubile

254 2800 410 2862 ⁴⁹Inarime
426 2805 510 2863 Iovis
525 2807 659 2880 imperiis
674 2808 808 2881 imposta
822 2807 980 2882 Typhoeo

233 2969 239 2998 ¹
252 2971 372 3030 nothum,
385 2971 487 3019 bastard
498 2988 547 3019 son.

231 3052 357 3111 2cornus,
369 3053 406 3101 the
419 3052 498 3102 cornel
506 3062 553 3102 trec
566 3055 597 3119 qf
602 3053 677 3102 which
689 3052 726 3102 the
738 3052 805 3119 slafl
816 3070 866 3102 was
879 3052 958 3102 made.

231 3134 242 3167 ³
254 3137 401 3193 stomacho,
413 3135 493 3201 pallet.

231 3218 347 3280 4speous
364 3220 416 3268 atri
433 3220 547 3269 volneris
567 3219 683 3283 (poetica
700 3220 893 3285 exaggeratio),
911 3218 948 3267 the
964 3217 1048 3267 lollow
1065 3219 1146 3284 cavity
1160 3220 1192 3284 of
1202 3218 1238 3267 tle

189 3300 253 3350 darlc
265 3302 359 3351 wound.

231 3383 371 3447 ⁵tepescit,
381 3402 459 3450 protus
472 3402 554 3433 worm.
649 3431 651 3434 .

231 3466 399 3530 ⁶phalarica.
423 3469 563 3517 Phalarica
576 3468 658 3517 telum
671 3468 778 3527 missile,
787 3468 879 3516 hastili
888 3468 1010 3529 oblongo,
1020 3473 1047 3518 et
1055 3474 1143 3517 cetera
1155 3467 1239 3527 tereli,

188 3556 375 3612 praeterquam
387 3552 422 3599 ad
433 3558 590 3609 extremum,
602 3551 671 3599 unde
683 3550 785 3599 ferrum
797 3552 1138 3599 exstabat-Tanarum.
1172 3548 1240 3598 Used

188 3630 277 3679 hercle
292 3631 355 3679 show
373 3631 409 3680 tle
427 3632 531 3696 streaqtlr
542 3633 574 3696 os
590 3633 692 3691 Τιινπίιε,
705 3648 735 3679 as
747 3632 766 3679 it
778 3649 828 3679 was
841 3631 970 3697 commonly
983 3632 1041 3692 slot,
1053 3640 1092 3680 not
1105 3634 1134 3697 by
1146 3650 1162 3679 a
1175 3650 1239 3692 man,

189 3713 228 3761 bat
240 3721 279 3760 out
290 3714 359 3777 ‹rfun
371 3714 461 3778 enyiae.
649 3713 659 3745 ⁸
671 3729 752 3763 saxea
767 3713 893 3776 (saxum),
906 3715 937 3778 of
942 3722 1014 3762 stone.

232 3792 243 3824 ⁷
253 3809 372 3855 squama,
383 3793 545 3843 scalemmor.
648 3794 660 3827 ⁹
672 3795 807 3857 Prochyta
818 3795 870 3843 aad
882 3796 997 3845 inarime
1009 3813 1051 3844 are
1064 3795 1166 3846 islanda
