2817 4300
404 968 584 1042 NOVUM
628 967 1011 1040 TESTAMENTUM.

636 1175 773 1200 ...0.-

333 1329 622 1389 EVANGELIUM
652 1329 889 1390 SECUNDUM
918 1329 1077 1390 LUCAM.

620 1525 697 1584 Cap.
721 1526 795 1582 VII.

221 1712 236 1760 1
260 1703 360 1778 Quum
371 1710 473 1762 autem
485 1705 635 1762 finivisset
649 1703 752 1760 omnia
762 1705 857 1761 verba
866 1722 934 1774 sua,
947 1704 1089 1762 audiente
1104 1705 1228 1780 popum,

179 1805 336 1879 ingressus
351 1808 399 1860 est
414 1801 667 1877 Capernaumum.

220 1907 237 1956 2
260 1899 455 1958 Centurionia
478 1900 550 1958 vera
576 1900 736 1972 eujusdam
757 1916 864 1956 servus
885 1898 963 1956 malt
987 1901 1115 1956 affectus
1141 1899 1229 1956 mori-

180 1999 301 2056 bundus
316 2001 393 2066 erat,
409 1997 461 2070 qui
476 2001 541 2053 erat
556 1997 614 2071 ipsi
629 1997 792 2070 pretiosus.

221 2102 238 2152 3
261 2096 293 2153 Is
308 2097 392 2165 vert,
409 2112 501 2169 quum
524 2095 660 2151 audisset
681 2095 719 2151 da
740 2095 828 2164 Jesu‚
845 2094 929 2151 misit
948 2095 987 2151 ad
1008 2111 1076 2151 eum
1094 2093 1230 2152 seniores

179 2194 378 2263 iudaeorum,
392 2210 504 2269 rogans
520 2210 588 2249 eum
605 2197 638 2248 ut
652 2191 779 2262 veniret,
795 2197 827 2249 et
841 2198 978 2249 servaret
992 2210 1114 2249 servum
1129 2210 1227 2248 suum.

220 2300 238 2347 4
260 2291 318 2349 Isti
336 2298 437 2348 autem
451 2309 544 2364 quum
561 2291 721 2347 venissent
742 2291 782 2347 ad
799 2290 917 2357 Jesum‚
936 2291 1052 2364 precati
1070 2295 1142 2347 sunt
1161 2308 1230 2347 eum

180 2390 328 2457 studiosa,
346 2388 494 2457 dicentem
512 2387 601 2445 Certt
616 2388 728 2465 dignas
742 2393 791 2445 est
805 2388 853 2445 eui
870 2388 927 2445 hoa
942 2388 1109 2462 praebeas:

221 2495 237 2543 5
260 2485 369 2562 Diligit
389 2485 469 2542 enim
488 2490 611 2561 gentem
631 2490 779 2555 nostram,
800 2493 831 2543 et
850 2503 1038 2562 synagogam
1058 2484 1231 2542 aedificavit

181 2584 279 2640 nobis.

220 2690 238 2738 6
259 2682 279 2739 J
282 2700 352 2738 esus
368 2698 441 2755 ergo
456 2680 521 2737 ibat
536 2697 604 2737 eum
619 2679 674 2736 eis.
719 2680 760 2736 Et
774 2696 866 2753 quum
881 2681 944 2753 jam
960 2698 1020 2737 non
1035 2680 1126 2755 longi
1142 2681 1230 2737 abes-

180 2786 228 2836 set
242 2780 281 2836 ab
296 2777 348 2835 illa
369 2779 471 2847 doma,
488 2777 589 2833 *misit
610 2777 650 2833 ad
671 2794 740 2833 eum
760 2777 897 2833 centurio
915 2777 963 2834 ille
982 2777 1108 2846 amima,
1125 2778 1231 2835 dicens

180 2876 219 2945 ei,
243 2875 385 2945 Domine,
410 2893 447 2932 ne
469 2879 615 2941 vexatam
646 2892 702 2931 nec
727 2874 808 2930 enim
831 2892 897 2930 sum
922 2875 1032 2951 dignus
1057 2882 1092 2932 ut
1115 2880 1231 2933 tectum

180 2992 279 3029 meum
297 2973 425 3029 subeas:

220 3078 237 3128 7
260 3066 374 3126 ”Ideo
390 3088 429 3126 ne
451 3069 600 3142 meipsum
619 3068 742 3141 quidam
764 3086 830 3124 sum
851 3068 977 3144 dignum
995 3068 1159 3127 arbitratus
1179 3071 1231 3144 qui

180 3168 314 3225 venirem
335 3169 373 3225 ad
393 3174 442 3224 te:
466 3167 521 3224 sed
537 3167 586 3223 die
602 3166 707 3234 verim,
724 3171 755 3223 et
777 3166 935 3223 sanabitur
949 3184 1023 3240 puer
1037 3184 1133 3223 meua

221 3272 237 3322 8
259 3266 381 3323 Etenim
397 3283 453 3341 ego
468 3266 559 3320 homo
574 3282 641 3320 sum
657 3264 713 3320 sub
733 3268 886 3336 potestate
902 3264 1097 3333 constitutum
1115 3265 1231 3322 habens

180 3363 236 3419 sub
251 3381 299 3419 me
314 3362 445 3431 milites3
469 3367 501 3418 et
514 3361 583 3418 dico
597 3361 679 3429 huic,
695 3360 793 3429 Vada,
811 3365 843 3416 et
856 3360 959 3417 vadit:
981 3367 1012 3417 at
1027 3360 1125 3430 altari,
1138 3361 1229 3431 Veni,

179 3478 215 3517 aa
230 3461 324 3529 venit,
342 3464 373 3516 et
388 3476 478 3516 servo
492 3476 572 3528 meo,
589 3458 651 3514 Fae
666 3458 735 3525 hoe,
752 3476 788 3514 aa
803 3457 889 3513 facit.

218 3603 251 3653 A.
269 3604 319 3652 Ille
331 3604 450 3652 centurio
463 3603 535 3650 misit
552 3617 612 3649 suos
628 3602 727 3649 amicos
740 3601 773 3648 ad
785 3616 853 3649 eum.

219 3688 251 3735 B.
270 3686 333 3735 Ideo
346 3701 378 3734 ne
391 3686 498 3748 quidem
511 3685 654 3733 arbitratus
667 3699 726 3731 sum
738 3698 779 3731 me
792 3684 877 3745 ipsum
892 3684 1009 3745 dignum,
1022 3685 1068 3746 qui
1079 3686 1204 3735 venirem.

252 3800 262 3834 1
275 3802 338 3850 Ideo
352 3824 375 3845 =
389 3800 455 3850 iecit
466 3801 493 3849 id
506 3816 546 3859 ao,
559 3799 694 3864 wieresore.
734 3798 851 3862 compare
863 3805 1003 3861 propterea
1015 3800 1093 3862 quod,
1105 3808 1148 3848 etc.
