2817 4300
512 399 632 445 SHORT
655 398 854 445 EXTRACTS.

237 568 384 644 Tydides.
428 566 578 640 Equidem
593 568 696 637 credo,
714 584 781 624 mea
796 567 921 625 volnera
935 573 1053 626 restant

238 670 269 722 et
283 670 337 722 tua
350 665 512 740 progenies
528 663 668 721 mortalia
682 665 823 721 demoror
838 683 933 721 arma.

238 761 272 821 Si
286 762 352 819 sine
366 779 443 837 pace
456 766 510 820 tna
525 768 617 835 atque
631 761 728 819 invito
742 763 865 819 numine
880 762 976 820 Troes

238 861 361 917 Italiam
374 859 501 934 petiere,
518 859 605 916 luant
618 865 746 933 peccata
761 877 858 932 neque
874 859 942 917 illos

237 957 353 1032 juveris
368 956 502 1026 auxili03
525 957 574 1014 sin
588 961 636 1014 tot
649 975 799 1031 responsa
813 957 922 1026 secuti,

238 1073 315 1128 quae
330 1055 432 1128 superi
447 1071 613 1127 manesque
628 1055 762 1112 dabant:
786 1071 839 1112 cur
854 1072 934 1112 nunc
949 1060 1002 1112 tua
1016 1055 1176 1129 quisquam

237 1158 356 1212 vertere
371 1153 458 1225 jussa
473 1157 576 1226 potest
591 1158 644 1210 aut
658 1171 711 1210 cur
726 1171 807 1211 nova
821 1155 951 1211 condere
967 1153 1053 1211 fata?

238 1250 318 1324 Quid
332 1256 469 1324 repetem
482 1255 610 1307 exustas
625 1251 760 1326 Erycino
773 1251 805 1309 in
819 1250 908 1309 litore
923 1251 1049 1321 classes,

237 1348 309 1422 quid
324 1353 541 1422 tempestatum
555 1365 659 1424 regem
672 1353 843 1422 ventosque
857 1348 986 1406 furentis

238 1445 348 1502 Aeolia
362 1446 481 1503 excitos
496 1449 550 1503 aut
564 1450 666 1502 aotam
679 1445 812 1502 nubibus
827 1445 921 1503 Irim?

238 1544 329 1601 Nunc
343 1543 436 1600 etiam
450 1543 560 1612 manis,
576 1543 651 1601 haec
665 1543 848 1617 intemptata
862 1544 1007 1602 manebat

238 1658 305 1698 sors
317 1643 431 1710 rerum,
448 1645 551 1698 movet
564 1645 596 1697 et
610 1641 728 1714 superis
744 1640 880 1698 immissa
894 1648 1019 1716 repente

237 1738 370 1808 Allect0,
386 1738 502 1794 medias
516 1737 629 1794 Italum
642 1738 794 1795 bacchata
808 1755 862 1813 per
876 1739 977 1796 urbes.

238 1836 291 1892 Nil
306 1852 398 1909 super
413 1835 539 1908 imperio
554 1852 695 1892 moveor:
719 1835 908 1908 speravimus
924 1836 994 1905 ista,

238 1934 311 1990 dum
325 1933 451 1989 fortuna
465 1932 543 2001 iuit3
566 1932 692 1989 vincant
706 1948 783 2006 quos
799 1933 919 1991 vincere
934 1934 1043 1991 mavis.

239 2029 272 2089 Si
286 2029 370 2086 nulla
385 2035 433 2087 est
447 2029 541 2106 regie,
556 2030 682 2086 Teucris
697 2047 789 2103 quam
804 2031 856 2087 det
870 2035 924 2087 tua
937 2033 1073 2104 conjunx

238 2128 325 2197 dura,
341 2145 396 2202 per
410 2145 547 2198 eversae,
563 2127 695 2203 genitor,
713 2127 866 2185 fumantia
880 2127 993 2201 Trojae

238 2226 377 2283 exscidia
390 2226 539 2295 obtestor,
555 2225 648 2283 liceat
662 2224 814 2282 dimittere
829 2225 869 2282 ab
884 2226 976 2282 armis

238 2322 420 2380 incolumem
433 2323 614 2391 Ascanium,
631 2321 723 2379 liceat
736 2340 895 2396 superesse
911 2328 1064 2397 nepotem.

237 2422 361 2477 Aeneas
376 2437 450 2477 sane
465 2420 578 2495 ignotis
594 2421 728 2493 jactetur
742 2419 773 2475 in
787 2420 877 2476 undis

237 2523 279 2582 et,
296 2534 516 2591 quamcumque
531 2517 614 2574 viam
627 2517 747 2573 dederit
761 2517 908 2588 Fortuna,
925 2521 1088 2591 sequatur:

237 2615 318 2671 hunc
329 2620 432 2690 tegere
447 2619 478 2671 et
493 2615 577 2671 dirae
591 2613 711 2673 valeam
727 2614 894 2671 subducere
909 2632 1040 2691 pugnae.

237 2712 297 2769 Est
310 2712 475 2781 Amathus,
491 2717 540 2769 est
553 2711 636 2769 celsa
650 2712 724 2768 milri
738 2712 863 2786 Paphus
879 2716 970 2785 atque
985 2710 1118 2788 Cythera

238 2809 414 2883 Idaliaeque
430 2810 558 2866 domus:
580 2810 689 2883 positis
705 2807 852 2883 inglorius
867 2809 958 2866 armis

238 2907 344 2981 exigat
357 2908 406 2965 hic
421 2924 540 2964 aevum.
584 2906 702 2983 Magna
717 2906 835 2964 dicione
850 2906 957 2979 jubeto

238 3005 398 3082 Karthago
412 3009 532 3079 premat
545 3005 735 3064 Ausoniam:
759 3004 834 3061 nihil
849 3004 974 3062 urbibus
989 3004 1060 3063 inde

238 3102 374 3160 obstabit
388 3103 502 3178 Tyriis.
547 3101 626 3175 Quid
641 3107 759 3175 pestem
775 3102 904 3159 evadere
919 3102 991 3159 belli

238 3200 363 3272 juvitet
375 3200 540 3277 Argolicos
554 3200 685 3257 medium
700 3199 817 3275 fugisse
831 3216 885 3274 per
900 3199 987 3275 ignes

235 3303 344 3373 totque
358 3300 452 3356 maris
466 3304 632 3373 vastaeque
646 3298 799 3355 exhausta
813 3297 947 3371 pericula
962 3302 1071 3368 terrae,

239 3396 311 3453 dum
326 3398 447 3455 Latium
461 3397 571 3455 Teucri
585 3396 780 3471 recidivaque
794 3396 944 3471 Pergama
958 3394 1127 3468 quaerunt?

239 3495 310 3552 Non
326 3495 423 3552 satius
438 3496 555 3553 cineres
571 3495 688 3570 patriae
702 3494 852 3552 insedisse
869 3511 1026 3567 supremos
1064 3484 1066 3489 ¹

240 3598 331 3666 atque
346 3592 455 3663 solum,
471 3610 532 3666 quo
546 3593 642 3665 Troja
656 3590 736 3649 fuit?
776 3592 936 3649 Xanthum
950 3596 981 3648 et
996 3591 1152 3649 Simoenta

239 3691 344 3760 redde,
360 3707 426 3760 oro,
441 3689 561 3747 miseris
576 3689 744 3762 iterumque
759 3688 915 3748 revolvere
930 3705 1019 3746 casus

241 3787 292 3858 da,
309 3791 409 3861 pater,
424 3778 537 3845 Iliacos
550 3785 710 3844 Teucris’'
