2817 4300
199 365 240 431 76
384 382 601 428 SELEGTIONS
624 382 725 428 FBOM
747 383 859 428 LATIN
881 383 1061 430 AUTHORS.

272 552 419 621 exuvias3
441 552 561 628 galeam
575 553 654 609 fidus
668 559 823 627 permutat
835 553 955 610 Aletes.
1024 617 1026 621 ,

272 649 415 706 Protinus
430 650 540 705 armati
554 650 699 706 incedunt
712 668 718 718 ;
741 667 818 722 quos
833 651 932 707 omnis
947 651 1046 708 cuntis

272 746 437 821 primorum
451 765 560 803 manus
575 747 735 821 adportas
750 746 951 820 iuvenumque
967 766 1133 821 senumque

199 852 257 901 310
271 846 465 921 prosequitur
479 845 570 902 votis·
614 845 681 902 Nec
696 863 757 901 non
773 850 804 902 et
818 844 942 918 pulcher
955 844 1050 915 Iulus,

273 949 343 1000 ante
359 961 455 998 annos
470 943 664 1016 animumque
679 961 790 1018 gerens
806 960 968 1015 curamque
983 943 1111 1011 virilem,

272 1040 368 1096 multa
382 1039 462 1112 patri
477 1040 624 1096 mandata
638 1039 732 1096 dabat
748 1040 916 1114 portanda:
939 1039 993 1096 sed
1009 1057 1100 1095 aurae

272 1136 374 1193 omnia
389 1133 581 1210 ¹discerpunt
595 1141 627 1192 et
641 1136 773 1192 nubibus
790 1136 879 1192 inrita
894 1136 1020 1192 donant.

397 1297 460 1353 Tlte
475 1298 634 1369 departure
649 1298 687 1370 of
696 1297 792 1353 Nisus
806 1299 869 1354 aad
883 1297 1050 1370 Euryalus.

272 1412 397 1488 Egressi
412 1416 558 1484 superant
573 1412 676 1467 fossas
691 1412 850 1484 noctisque
865 1429 919 1486 per
934 1411 1070 1468 umbram

198 1517 255 1565 315
272 1514 372 1566 castra
386 1509 508 1565 inimica
522 1512 642 1583 petunt,
658 1508 763 1564 multis
778 1513 880 1565 tamen
896 1514 966 1565 ante
981 1509 1076 1565 futuri

272 1607 376 1663 exitio.
421 1606 541 1662 Passim
556 1623 663 1662 somno
678 1606 810 1679 vinoque
825 1624 879 1680 per
893 1607 1016 1663 herbam

272 1722 400 1778 corpora
414 1703 486 1759 fusa
501 1703 617 1773 vident,
635 1710 770 1760 arrectos
785 1703 873 1760 litore
889 1722 1004 1774 currus,

272 1802 350 1858 inter
364 1800 429 1857 lora
442 1807 585 1873 rotasque
600 1801 693 1866 virm,
712 1801 801 1857 simul
816 1819 899 1858 arma
914 1801 1022 1871 iacere,

272 1899 343 1955 vina
358 1898 458 1954 simul.
501 1898 589 1954 Prior
603 1898 789 1973 Hyrtacides
805 1898 849 1955 sio
864 1916 915 1954 ore
930 1898 1067 1956 locutus:

198 2003 256 2053 320
273 1995 436 2071 ‘Euryale‚
453 1995 626 2052 audendum
640 1996 769 2064 dextra3
794 2013 874 2052 nunc
889 1996 956 2070 ipsa
971 2001 1063 2053 vocat
1076 2015 1135 2052 res,

272 2093 340 2151 Hac
355 2093 413 2151 iter
427 2098 485 2149 est.
529 2093 588 2162 Tu,
605 2110 642 2148 ne
657 2110 718 2166 qua
733 2111 841 2149 manus
856 2111 889 2151 se
905 2092 1042 2149 attollere
1058 2093 1146 2149 nobis

272 2211 290 2248 a
304 2197 391 2267 tergo
406 2190 514 2265 possit,
532 2189 651 2247 custodi
667 2195 698 2247 et
714 2191 837 2247 consule
853 2191 961 2266 longe3

271 2290 346 2346 haec
361 2306 418 2364 ego
432 2293 521 2345 vasta
536 2287 616 2343 dabo
631 2292 662 2343 et
675 2286 739 2343 lato
754 2293 784 2344 te
798 2284 909 2345 ²limite
924 2289 1043 2345 ducam.

273 2385 322 2444 Sic
338 2391 486 2441 memorat
500 2402 665 2457 vocemque
680 2384 808 2459 premit;
832 2384 921 2442 simul
936 2403 1008 2442 ense
1024 2386 1187 2458 superbum

198 2492 255 2541 325
271 2484 474 2539 Rhamnetem
488 2482 676 2558 adgreditur,
694 2482 746 2555 qui
761 2483 842 2539 forte
856 2479 1027 2555 ³tapetibus
1043 2481 1112 2538 altis

271 2585 446 2637 exstructus
462 2585 528 2635 toto
542 2579 693 2652 proflabat
707 2585 829 2652 pectore
845 2597 994 2635 somnum.

271 2678 339 2734 Rex
354 2677 433 2733 idem
449 2683 479 2732 et
493 2677 558 2751 regi
572 2676 677 2731 Turno
691 2676 884 2751 gratissimus
900 2694 1006 2752 augur,

272 2775 326 2831 sed
341 2791 402 2830 non
417 2772 545 2848 augurio
559 2773 660 2845 potuit
674 2772 826 2846 depellere
841 2778 968 2847 pestem.

271 2871 340 2927 Tris
356 2870 443 2927 iuxta
458 2869 590 2925 famulos
604 2866 734 2927 ⁴temere
749 2871 828 2927 inter
842 2870 903 2927 tela
917 2872 1045 2929 iacentis

197 2976 255 3025 330
269 2965 527 3042 ⁵armigerumque
542 2966 630 3023 Remi
645 2968 756 3041 premit
770 2968 966 3043 aurigamque
982 2968 1038 3023 sub
1053 2968 1128 3041 ipsis

271 3070 402 3122 nanctus
418 3064 503 3137 equis
518 3064 661 3137 ferroque
677 3070 762 3122 secat
775 3061 960 3139 6pendentia
976 3065 1072 3131 colla;

270 3168 335 3219 tum
350 3166 442 3235 eaput
455 3160 515 3235 ipsi
528 3157 648 3217 ⁷aufert
663 3162 787 3219 domino
802 3168 1001 3235 truncumque
1016 3162 1160 3235 relinquit

1115 1570 1126 1598 b

306 3290 316 3323 1
329 3292 488 3352 discerpunt,
501 3298 597 3349 seatter,
610 3289 727 3354 disperse.

306 3373 315 3402 ²
327 3374 419 3432 limite,
428 3389 543 3436 passape.
580 3371 627 3421 See
640 3382 692 3422 nole
704 3391 733 3423 on
746 3372 793 3423 line
805 3374 861 3425 372.

306 3455 317 3488 ⁸
329 3456 470 3518 tapetibus,
482 3463 586 3519 carpere,
598 3473 663 3520 rupa.

305 3538 316 3571 4
329 3546 434 3598 temere,
446 3555 500 3603 syn.
513 3539 621 3600 passim,
633 3540 805 3602 negligenter.

306 3620 317 3653 ⁵
329 3622 496 3683 armigerum,
508 3622 540 3685 ef
554 3636 628 3670 arma
639 3621 692 3670 ond
707 3638 777 3685 gero.

305 3703 316 3736 ⁰
327 3703 469 3766 pendentia
481 3703 558 3763 colla,
570 3702 701 3767 explained
714 3704 743 3768 by
756 3704 826 3763 vino,
838 3712 890 3761 etc..
902 3705 927 3753 in
939 3702 999 3753 lines
1011 3704 1067 3764 316,
1080 3705 1127 3755 317
1140 3706 1221 3754 abore.

305 3784 527 3841 ⁷auiert=abl
537 3784 604 3835 fero.
