2817 4300
154 355 196 421 72
336 374 552 420 sanaorrous
576 374 678 420 raon
700 373 813 419 naris
834 374 1021 423 Aornoss.

226 539 398 602 ¹sublatum
413 543 533 613 erudiit,
552 561 608 600 nec
623 548 722 600 tecum
738 543 813 600 talia
827 545 920 619 gessi,

227 641 453 715 magnanimum
467 642 596 697 Aenean
611 647 643 697 et
657 641 724 696 fata
739 647 876 697 extrema
891 648 1032 700 secutus:

152 743 210 794 205
225 737 294 794 ‘est
308 738 367 808 hic,
384 744 433 795 est
447 738 565 794 animus
580 734 672 794 ²lucis
687 744 880 811 contemptor
894 745 926 796 et
940 740 1032 796 istum

225 835 277 908 qui
291 836 355 892 rita
369 836 447 892 benc
462 836 567 892 credat
581 835 651 903 emi,
668 852 729 908 quo
743 835 856 905 tendis,
873 837 1041 894 honorem.’

226 932 321 989 Nisus
333 933 371 989 ad
387 934 479 990 haec:
505 933 675 1006 ‘Equidem
690 933 728 989 de
743 938 773 990 te
790 933 832 989 nil
846 933 908 990 tale
922 935 1052 991 verebar

226 1047 281 1087 neo
296 1031 354 1099 fas,
371 1048 443 1101 non,
461 1030 504 1087 ita
519 1048 566 1086 me
581 1031 696 1086 referat
711 1030 767 1087 tibi
783 1048 911 1106 magnus
926 1039 1069 1089 ovantem

225 1127 363 1201 Iuppiter
377 1133 430 1184 aut
443 1128 624 1201 quicumque
638 1127 735 1184 oculis
750 1127 825 1185 haec
840 1128 950 1202 aspicit
964 1129 1079 1202 aequis.

151 1229 210 1279 210
225 1222 286 1281 Sed
302 1225 408 1297 siquis,
425 1242 503 1298 quae
517 1225 613 1282 multa
627 1224 714 1282 vides
730 1224 903 1282 discrimine
919 1225 984 1293 tali,

225 1321 320 1394 siquis
335 1321 366 1377 in
381 1321 542 1378 adversum
557 1322 658 1394 rapiat
671 1338 800 1378 casusve
815 1322 941 1391 deusve,

224 1423 254 1475 te
270 1436 430 1492 superesse
444 1418 554 1487 velim;
577 1426 629 1474 tua
643 1419 708 1474 vita
723 1418 844 1494 dignior
858 1424 954 1476 aetas

225 1513 273 1572 Sit
285 1512 353 1588 ³qui
369 1533 416 1573 me
430 1521 552 1590 raptum
567 1533 671 1590 pugna
685 1516 821 1588 pretiove
836 1517 1026 1590 redemptum

225 1613 349 1670 mandet
362 1613 454 1669 humo
469 1611 560 1669 solita
575 1617 628 1669 aut
642 1612 731 1685 siqua
746 1613 777 1669 id
792 1613 928 1669 Fortuna
941 1614 1071 1683 vetabit,

151 1715 209 1765 215
225 1710 345 1768 absenti
360 1710 442 1767 ferat
454 1706 598 1766 ⁴inferias
612 1710 794 1783 decoretque
810 1709 981 1783 sepulchro.

224 1806 294 1863 Neu
308 1807 399 1862 matri
413 1807 541 1864 miserae
557 1807 634 1864 tanti
649 1807 707 1863 sim
722 1825 815 1864 causa
829 1807 954 1876 doloris,

126 1955 133 1967 ,
224 1921 302 1977 quae
318 1909 348 1960 te
363 1904 440 1973 sola,
457 1921 542 1977 puer,
559 1903 662 1960 multis
677 1922 693 1960 e
709 1904 857 1961 matribus
873 1922 948 1961 ausa

225 2001 417 2075 persequitur
431 2001 535 2076 magni
551 2018 606 2058 nec
620 2001 742 2057 moenia
756 2007 843 2058 curat
856 2002 1016 2059 Acestae)

224 2098 280 2156 Ille
295 2104 415 2156 autem:
440 2096 577 2156 ‘Causas
593 2098 776 2173 nequiquam
790 2095 904 2157 ⁵nectis
919 2098 1030 2169 inanis,

151 2202 209 2254 220
225 2197 437 2254 neomesiam
452 2201 570 2253 mutata
584 2195 651 2253 loco
667 2197 820 2254 sententia
835 2197 934 2254 cedit:

225 2294 455 2363 adceleremus,’
473 2293 527 2350 ait.
570 2292 687 2368 Vigiles
702 2293 793 2350 simui
808 2294 934 2361 excitat,
952 2294 994 2349 illi

225 2392 392 2448 succedunt
405 2387 605 2463 “serrantqne
620 2390 703 2447 vices
716 2410 723 2459 ;
746 2392 878 2449 statione
894 2391 1000 2448 relicta

225 2488 289 2561 ipse
304 2506 407 2545 comes
421 2487 500 2544 Niso
513 2488 662 2563 graditur,
679 2505 842 2563 regemque
856 2488 1024 2561 requirunt.

340 2665 435 2721 Nisus
449 2666 512 2721 and
526 2664 683 2737 Euryalus
696 2665 811 2721 consult
825 2665 872 2721 the
887 2665 1013 2722 leaders.

264 2793 375 2853 Cetera
390 2812 444 2869 per
458 2802 555 2852 terras
569 2795 669 2851 omnis
684 2794 828 2851 animalia
843 2813 950 2851 somno

150 2900 208 2950 225
224 2891 373 2949 laxabant
388 2909 475 2948 curas
491 2896 522 2947 et
536 2892 628 2948 corda
643 2892 739 2949 oblita
753 2892 910 2948 laborum:
932 2930 937 2942 ..

224 2990 366 3046 ductores
380 2989 532 3045 Teucrum
546 2989 635 3063 primi
650 2997 680 3046 et
694 2988 813 3046 delecta
828 2989 969 3046 iuventus

193 3145 227 3193 A.
251 3146 302 3193 Hic
321 3151 369 3204 est,
387 3156 427 3193 est
446 3145 557 3204 animm,
574 3152 741 3207 contemptor
759 3146 833 3205 lucis,
850 3151 877 3194 et
894 3146 939 3207 qui
956 3146 1047 3194 credat
1065 3147 1130 3194 bene
1149 3148 1200 3194 emi

150 3229 229 3276 istum
242 3228 376 3288 honorem,
388 3243 440 3289 quo
453 3228 546 3287 tendis,
559 3228 622 3277 rita.

423 3365 434 3399 1
446 3366 589 3425 sublatum,
601 3382 630 3412 as
642 3365 670 3430 if
675 3365 826 3414 educatum.

422 3447 512 3511 ²,lucis
520 3470 544 3491 =
555 3448 635 3497 vitae.

422 3529 491 3593 ⁸qui
502 3552 526 3573 =
540 3547 582 3578 one
595 3528 652 3579 who.

423 3612 434 3645 ⁴
446 3613 563 3672 inferias,
575 3611 661 3660 lmnors
670 3609 737 3675 puia'
749 3609 785 3658 ilie
798 3610 872 3659 dead.

422 3693 536 3754 ⁵uectis,
549 3695 646 3753 incent5
664 3692 777 3757 lr'terallp,
790 3694 868 3743 tevine.

423 3776 554 3826 ⁶servant
566 3778 645 3835 vices,
658 3775 713 3824 take
726 3776 861 3824 deiram.
