2817 4300
549 356 667 404 sacar
691 355 892 404 nxraacrs.
1181 343 1243 406 233

192 519 325 587 victores
346 527 469 596 habere,
491 527 584 584 foeda
604 526 798 600 crudeliaque
820 527 851 584 in
873 527 949 584 civis
971 528 1110 586 facinora
1130 529 1241 587 facere.

192 625 264 683 Huc
292 624 468 694 accedebat,
495 625 576 697 quod
605 625 641 680 L.
669 623 755 681 Sulla
783 624 962 695 exercitum,
989 643 1079 698 quern
1108 626 1139 682 in
1166 628 1244 684 Asia

192 723 386 792 ductaverat,
402 739 464 795 quo
485 722 544 778 sibi
564 722 658 778 fidum
679 723 807 792 faceret,
832 727 939 780 contra
959 740 1074 780 morem
1095 726 1243 798 majorum

192 820 348 877 luxuriose
370 818 518 892 nimisque
538 818 704 876 liberaliter
720 819 885 876 habuerat:
908 818 976 878 loca
994 838 1122 878 amoena
1137 821 1244 895 volup-

192 917 270 974 taria
291 916 381 973 facile
403 917 434 972 in
455 916 518 973 otio
540 916 650 972 ferocis
668 916 798 973 militum
814 916 932 974 animos
947 917 1150 976 molliverant.
1195 920 1243 977 Ibi

191 1015 322 1088 primurn
347 1013 481 1071 insuevit
508 1014 661 1071 exercitus
686 1014 792 1088 populi
817 1014 947 1071 Romani
976 1033 1089 1086 amare,
1116 1022 1241 1090 potare;

192 1112 291 1187 signa,
315 1110 437 1170 tabulas
462 1111 572 1185 pictae,
596 1129 672 1169 vasa
693 1111 812 1168 caelata
833 1112 954 1182 mirari;
984 1131 1020 1170 ea
1045 1114 1188 1188 privatim
1212 1121 1243 1173 et

191 1210 311 1284 publice
338 1227 457 1283 rapere,
484 1209 610 1266 delubra
634 1208 777 1283 spoliare,
805 1227 892 1267 sacra
920 1211 1111 1284 profanaque
1140 1213 1243 1270 omnia

190 1307 336 1382 polluere.
381 1305 482 1382 Igitur
495 1306 523 1363 ei
540 1305 653 1363 milites
674 1311 837 1380 postquam
852 1307 1012 1365 victoriam
1033 1309 1136 1382 adepti
1158 1316 1240 1380 sunt,

190 1403 266 1462 nihil
294 1403 402 1478 reliqui
428 1403 518 1460 victis
546 1404 658 1461 fecere.
717 1403 836 1478 Quippe
865 1406 1016 1463 secundae
1044 1424 1093 1462 res
1122 1408 1241 1480 sapien-

190 1501 266 1559 tium
291 1501 410 1558 animos
435 1501 588 1576 fatigant:
625 1518 663 1558 ne
691 1500 735 1558 illi
760 1502 910 1575 corruptis
935 1503 1070 1561 moribus
1095 1504 1241 1562 victoriae

190 1586 407 1674 temperarent.

230 1697 399 1770 Postquam
414 1696 539 1754 divitiae
561 1696 669 1754 honori
683 1714 752 1754 esse
767 1715 905 1771 coepere,
922 1703 953 1755 et
968 1715 1021 1755 eas
1035 1698 1132 1774 gloria
1147 1700 1242 1773 impe-

190 1795 268 1851 rium
282 1794 422 1868 potentia
435 1793 631 1866 sequebatur,
648 1793 810 1852 hebescere
825 1796 934 1864 virtus,
951 1803 1115 1869 paupertas
1130 1798 1242 1871 probro

190 1892 306 1960 haberi,
330 1891 505 1949 innocentia
526 1909 581 1965 pro
602 1890 811 1948 malivolentia
833 1893 904 1950 duci
924 1893 1035 1967 coepit.
1082 1895 1180 1970 Igitur
1201 1913 1241 1952 ex

191 1989 305 2047 divitiis
337 1990 530 2062 juventutem
561 1987 683 2045 luxuria
715 1994 806 2062 atque
839 1991 968 2048 avaritia
999 2009 1068 2048 cum
1100 1993 1242 2066 superbia

191 2087 349 2144 invasere:
385 2104 504 2160 rapere,
535 2103 732 2156 consumere3
769 2104 825 2144 sua
853 2088 940 2163 parvi
966 2090 1111 2163 pendere,
1142 2089 1241 2148 aliena

191 2202 319 2259 oupere;
342 2184 500 2257 pudorem,
517 2184 706 2257 pudicitiam,
724 2185 828 2242 divina
847 2191 939 2259 atque
961 2188 1093 2244 humana
1114 2189 1241 2262 promis-

191 2300 258 2351 cua,
283 2282 358 2338 nihil
383 2282 471 2356 pensi
496 2299 593 2354 neque
618 2282 768 2339 moderati
792 2283 914 2341 habere.
967 2282 1086 2358 Operae
1111 2287 1241 2359 pretium

149 2449 151 2451 v
190 2385 249 2449 est,
274 2397 343 2436 cum
364 2380 470 2436 domos
494 2385 586 2452 atque
608 2378 697 2436 villas
723 2381 904 2455 cognoveris
925 2382 956 2437 in
979 2382 1096 2438 urbium
1118 2384 1241 2440 modurn

190 2477 419 2545 exaedificatas,
444 2476 542 2534 visere
568 2477 682 2550 templa
708 2478 844 2547 deorum,
871 2496 949 2552 quae
975 2481 1071 2537 nostri
1094 2482 1239 2553 majores,

189 2574 420 2650 religiosissumi
440 2573 595 2644 mortales,
612 2575 726 2631 fecere.
770 2575 884 2632 Verum
905 2575 948 2633 illi
969 2576 1095 2634 delubra
1116 2578 1241 2635 deorum

190 2672 316 2746 pietate,
343 2672 451 2728 domos
476 2689 548 2728 suas
574 2671 673 2747 gloria
697 2672 895 2737 decorabant,
922 2691 1020 2747 neque
1043 2675 1133 2732 victis
1158 2676 1240 2749 quic·

189 2786 283 2842 quam
303 2773 424 2842 praeter
443 2768 572 2841 injuriae
593 2768 750 2826 licentiam
772 2769 950 2843 eripiebant.
1001 2772 1047 2829 At
1067 2772 1099 2829 hi
1120 2778 1239 2843 contra,

189 2865 391 2942 ignavissumi
416 2866 565 2936 homines,
590 2883 645 2939 per
667 2884 819 2923 summum
844 2866 943 2924 scelus
966 2869 1068 2925 omnia
1090 2887 1127 2927 ea
1150 2870 1240 2928 sociis

190 2965 335 3032 adimere,
358 2980 436 3036 quae
459 2963 629 3020 fortissumi
651 2964 709 3021 viri
730 2964 862 3022 victores
883 2964 1086 3038 reliquerant:
1113 2968 1240 3041 proinde

189 3062 278 3135 quasi
292 3061 437 3134 injuriam
452 3062 554 3140 facere
571 3060 600 3117 id
615 3062 738 3119 demum
753 3067 836 3120 esset
849 3062 976 3136 imperio
991 3064 1046 3120 uti.

229 3159 405 3233 Numquid
427 3176 464 3215 ea
485 3176 660 3229 memorem,
681 3177 761 3233 quae
783 3161 842 3217 nisi
863 3160 908 3218 eis
929 3160 981 3234 qui
1002 3162 1105 3219 ridere
1127 3163 1240 3220 nemini

190 3257 347 3314 credibilia
371 3261 455 3326 sunt,
482 3274 501 3313 a
528 3256 657 3331 privatis
687 3257 892 3332 compluribus
918 3258 1084 3316 subvorsos
1113 3260 1237 3329 montiS,

189 3354 285 3412 maria
306 3359 465 3412 constrata
485 3352 574 3412 esse?
616 3353 735 3427 Quibus
753 3355 825 3413 mibi
840 3355 982 3412 videntur
996 3355 1128 3414 ludibrio
1143 3358 1239 3414 fuisse

189 3452 333 3509 divitiae:
356 3452 470 3525 quippe
484 3469 561 3525 quas
579 3453 707 3511 honeste
728 3454 840 3511 habere
861 3452 984 3522 licebat,
1002 3454 1087 3511 abuti
1109 3472 1163 3528 per
1178 3459 1240 3511 tur-

91 3537 111 3555 '
188 3549 358 3624 pitudinem
380 3550 597 3623 properabant.
643 3550 704 3609 Sed
726 3549 831 3609 lubido
859 3551 968 3625 stupri,
995 3569 1112 3628 ganeae
1134 3554 1240 3609 ceteri-

188 3664 247 3720 que
262 3647 362 3705 cultus
375 3663 434 3703 nou
451 3647 549 3705 minor
560 3647 745 3706 incesserat:
765 3648 822 3706 viri
838 3649 995 3706 muliebria
1010 3649 1085 3724 pati,
1099 3650 1240 3731 mulieres

188 3743 366 3819 pudicitiam
388 3743 420 3800 in
443 3744 605 3818 propatulo
625 3745 755 3814 habere;
779 3746 922 3804 vescendi
936 3764 1029 3803 causa
1049 3751 1130 3804 terra
1150 3747 1239 3804 mari·
