2817 4300
549 384 716 449 vnusm's
740 401 873 448 nuum.

259 575 372 633 obiecit
382 591 451 632 sese
465 569 522 630 1ad
536 590 656 630 currum
671 577 703 630 et
717 572 891 647 spumantia
905 571 1002 630 frenis

261 689 313 728 ora
326 669 504 729 2citatorum
520 671 632 728 dextra
645 670 776 728 detorsit
789 687 945 743 equorum.

259 770 340 826 Dum
353 769 485 826 trahitur
499 769 673 843 pendetque
688 766 779 842 iugis,
795 767 875 825 hunc
889 766 952 824 lata
966 763 1130 826 ⁸retectum

260 867 366 924 lancea
380 867 578 940 consequitur
591 864 764 938 rumpitque
779 864 875 920 infixa
889 864 1009 922 bilicem
1178 873 1235 924 375

259 961 399 1022 ⁴loricam
414 969 447 1021 et
460 981 611 1020 summum
624 959 785 1038 ⁵degustat
799 961 922 1018 volnere
936 958 1073 1037 “corpus

259 1062 316 1119 Ille
331 1067 433 1119 tamen
447 1062 546 1136 clipeo
560 1061 682 1119 obiecto
696 1077 863 1118 conversus
878 1061 909 1116 in
924 1061 1042 1118 hostem

261 1160 326 1216 ibat
339 1165 371 1216 et
385 1160 533 1217 auxilium
546 1157 657 1218 ⁷ducto
672 1176 816 1216 mucrone
832 1159 974 1232 petebat:

261 1275 329 1314 cum
342 1253 426 1314 ⁸rota
439 1257 639 1332 praecipitem
653 1263 685 1315 et
699 1274 846 1332 procursu
861 1257 999 1314 concitus
1014 1257 1083 1315 axis

262 1354 381 1428 impulit
395 1355 586 1429 effunditque
601 1355 678 1425 s010‚
695 1355 877 1428 Turnusque
893 1361 1015 1412 secutus
1179 1361 1236 1412 380

261 1452 352 1508 imam
366 1452 445 1509 inter
458 1451 579 1528 galeam
592 1453 702 1509 summi
717 1452 851 1510 thoracis
866 1458 897 1510 et
911 1469 981 1510 oras

262 1549 388 1606 abstulit
402 1566 476 1606 ense
490 1554 584 1623 caput
597 1554 797 1622 truncumque
811 1549 933 1624 reliquit
948 1568 1069 1608 arenae.

297 1726 449 1784 Wouadad
462 1727 589 1784 AEaeas
602 1728 630 1782 t's
644 1728 734 1783 carad
741 1727 796 1799 for
810 1728 846 1800 by
860 1726 907 1783 hta
921 1730 1125 1800 compastores.

302 1841 404 1914 Atque
419 1859 456 1898 ea
470 1841 541 1898 dum
558 1841 674 1914 campis
688 1840 787 1898 victor
801 1840 856 1898 dat
870 1841 979 1897 funera
992 1841 1125 1911 Turnus,

262 1940 378 1996 interea
390 1940 520 1996 Aenean
535 1940 717 1996 Mnestheus
732 1945 763 1996 et
778 1940 856 1996 fidus
870 1939 1007 1996 Achates

261 2037 475 2111 Ascaniusque
489 2055 592 2095 comes
607 2036 717 2094 castris
733 2043 867 2094 statuere
881 2034 1064 2108 ⁹oruentum,
1179 2044 1236 2094 385

262 2134 395 2193 alternos
411 2135 504 2213 longa
518 2137 665 2193 nitentem
679 2130 700 2164 ¹⁰
706 2135 832 2209 cuspide
846 2153 982 2212 gressus.

262 2232 368 2291 Saevit
382 2239 413 2291 et
427 2234 561 2291 infracta
574 2233 708 2291 luctatur
723 2234 870 2291 arundine
886 2233 979 2291 telum

261 2331 376 2405 eripere
391 2332 564 2406 auxilioque
579 2332 672 2402 viam,
689 2350 767 2405 quac
781 2332 932 2405 proxima,
950 2330 1049 2405 poscit

231 2492 242 2525 ¹
253 2493 287 2541 ad
299 2508 404 2542 currum
412 2510 499 2557 -pro
511 2496 600 2544 currui
618 2511 646 2544 se
659 2495 765 2557 obJ'ecit.
774 2494 942 2545 -Snavrus

231 2574 409 2625 ²citatorum:
426 2594 480 2641 spa.
492 2579 570 2638 celer,
582 2578 697 2640 rapidus,
711 2578 796 2627 velox.

232 2656 243 2690 ⁸
254 2664 383 2707 retectum
397 2660 534 2724 (re-tego):
551 2677 604 2725 apa.
617 2661 695 2709 nudo.

231 2740 242 2773 ⁴
254 2740 360 2790 bilicem
371 2741 488 2802 loricam,
500 2742 676 2793 doubleliaked
687 2753 741 2793 caat
753 2746 784 2810 os
795 2743 861 2795 mail.

232 2822 244 2856 ⁶
255 2823 385 2885 degustat,
397 2823 465 2872 touch
476 2823 567 2891 liyltly.

232 2904 243 2939 θ
258 2905 294 2955 On
306 2905 366 2955 lines
378 2905 434 2967 374,
446 2906 503 2969 375,
516 2908 604 2975 Hepae
620 2928 697 2975 sapa.-
717 2916 731 2938 “
739 2912 798 2961 Non
812 2927 828 2960 a
845 2911 942 2972 Turno,
955 2912 1001 2962 sed
1018 2926 1034 2960 a
1052 2918 1126 2973 tergo
1143 2911 1239 2959 immis-

189 3004 246 3039 sam
257 2990 364 3052 Phegeo
376 2989 459 3041 fuisse
472 2993 576 3042 hastam
594 2996 708 3044 arbitror
719 2996 753 3044 ab
765 2996 825 3044 alio.
860 2996 981 3057 Phegeus
1000 2994 1097 3057 pendet
1114 2994 1186 3056 jugis
1205 2994 1238 3041 ab

189 3072 271 3134 equis,
283 3088 348 3135 qnos
361 3073 444 3124 frenis
456 3077 673 3139 apprehenderat,
685 3092 799 3140 cumque
811 3078 843 3126 iis
856 3078 980 3137 luctatur,
993 3078 1056 3126 dum
1068 3076 1107 3124 illi
1120 3076 1239 3125 obnitun·
1322 3132 1325 3139 ,

190 3162 233 3205 tur
251 3162 278 3205 et
297 3165 464 3220 procurrunt.
504 3160 578 3209 Inter
593 3160 668 3217 haec,
687 3160 781 3209 lancea
801 3161 970 3222 consequitur
986 3164 1115 3209 retectum
1136 3158 1163 3206 in
1181 3158 1239 3207 loco

190 3241 306 3303 corporis
326 3242 443 3304 patentis
466 3258 514 3291 nec
537 3244 623 3305 clipeo
646 3248 717 3292 tecto
740 3244 896 3306 procutitur.
938 3244 1007 3291 Tum
1029 3242 1074 3291 ille
1097 3255 1239 3289 conversus

190 3323 281 3373 stricto
299 3324 388 3387 gladio
405 3326 432 3373 in
444 3326 547 3374 hostem
565 3326 629 3385 ibat,
641 3326 687 3388 qui
699 3340 761 3375 eum
772 3326 966 3384 vulneraverat,
979 3325 1023 3387 qui
1041 3323 1107 3372 adeo
1124 3323 1191 3371 alius
1209 3337 1240 3370 ac

189 3406 308 3456 diversus
321 3408 356 3459 ab
367 3406 457 3456 Turno
466 3422 522 3457 esse
534 3407 634 3457 debuit.
666 3408 736 3457 Tum
748 3408 822 3471 equis
834 3407 893 3471 ejus
905 3420 985 3455 mann
995 3404 1122 3455 dismissis
1134 3404 1239 3453 Turnus

189 3488 292 3537 invehit
303 3504 417 3550 eumque
429 3495 590 3551 prostratum
602 3490 724 3541 obterit.''

233 3569 243 3602 ⁷
256 3571 336 3620 ducto
348 3586 483 3630 mucrone,
496 3570 582 3619 drawa
594 3571 682 3620 swerd.

233 3651 244 3684 ⁸
255 3660 321 3713 rota,
333 3670 350 3701 a
362 3650 440 3701 wleel.

233 3733 244 3766 ⁹
256 3742 408 3784 cruentum:
426 3734 481 3783 wid
493 3733 603 3797 AEnean,
614 3735 631 3786 l.
643 3735 700 3786 384.

223 3816 244 3851 ¹⁰
255 3818 377 3881 cuspide:
394 3834 447 3883 syn.
459 3818 544 3867 hasta.
