2817 4300
535 342 655 388 snoar
676 341 873 390 nxrnrors.
1168 323 1230 391 227

179 511 267 567 aliter
291 511 372 567 haud
398 510 489 568 facile
514 529 568 568 eos
593 512 632 568 ad
657 517 776 569 tantum
802 511 959 588 negotium
984 511 1097 587 impelli
1125 530 1228 586 posse.

180 607 281 666 Ceteri
303 607 377 663 nihil
398 609 590 682 suspicantes
611 610 698 678 dant,
716 607 842 666 Cassius
862 615 959 666 semet
973 627 1008 666 eo
1024 609 1108 666 brevi
1124 616 1231 667 ventu·

178 724 246 763 rum
266 704 437 780 pollicetur,
456 723 492 762 ac
514 705 606 780 paulo
627 712 698 764 ante
719 705 838 782 legatos
860 725 899 764 ex
920 707 995 764 urbe
1017 707 1228 780 proficiscitur.

180 803 327 861 Lentulus
358 821 428 860 cum
458 803 502 860 eis
530 804 568 860 T.
598 804 787 862 Voltm·cium
817 805 970 877 quendam
999 802 1231 862 Crotoniensem

179 901 284 971 mittit,
313 905 349 957 ut
375 900 561 976 Allobroges
590 901 674 975 prius
702 919 794 974 quam
822 903 945 959 domum
973 908 1135 977 pergerent
1163 921 1230 959 cum

179 998 323 1067 Catilina,
340 998 414 1054 data
439 1005 530 1071 atque
556 1005 683 1072 accepta
708 999 778 1069 fide,
803 1000 982 1056 societatem
1004 1001 1228 1056 confirmarent.

178 1097 253 1170 Ipse
267 1095 427 1152 Volturcio
448 1095 567 1152 litteras
589 1097 628 1153 ad
650 1095 813 1153 Catilinam
833 1097 897 1166 dat,
914 1114 1042 1170 quarum
1058 1097 1231 1170 exemplum

178 1195 261 1251 infra
290 1193 437 1267 scriptum
465 1198 530 1250 est:
565 1192 674 1265 “Quis
700 1194 769 1260 sim,
797 1211 837 1251 ex
866 1212 902 1251 eo
927 1211 1017 1267 quem
1043 1195 1081 1252 ad
1107 1199 1137 1252 te
1164 1195 1232 1251 misi

179 1309 357 1366 cognosces.
401 1291 465 1348 Fac
486 1291 603 1366 cogites
625 1291 655 1346 in
677 1296 794 1364 quanta
816 1291 989 1349 calamitate
1012 1293 1066 1361 sis,
1083 1298 1113 1348 et
1128 1293 1232 1348 memi-

179 1390 261 1446 neris
276 1395 306 1446 te
322 1389 419 1446 virum
433 1406 520 1445 esse:
543 1388 719 1445 consideres
734 1388 806 1462 quid
821 1394 892 1446 tuae
907 1389 1041 1446 rationes
1057 1389 1230 1463 postulent:

178 1487 326 1544 auxilium
354 1491 442 1560 petas
471 1487 510 1542 ab
535 1484 686 1555 Omnibus,
715 1485 808 1542 etiam
837 1487 876 1543 ab
904 1487 1051 1542 infimis''
1094 1487 1145 1544 Ad
1174 1487 1232 1544 hoc

179 1586 325 1641 mandata
339 1583 441 1641 verbis
462 1584 534 1641 dat:
558 1601 626 1640 cum
644 1584 683 1641 ab
698 1588 808 1641 senatu
824 1583 920 1640 hostis
935 1584 1089 1656 judicatus
1105 1584 1155 1654 sit,
1172 1602 1232 1657 quo

178 1682 307 1740 consilio
328 1682 453 1738 servitia
470 1679 630 1754 repudiet?
652 1681 683 1736 in
697 1681 772 1738 urbe
788 1685 896 1754 parata
911 1699 978 1738 esse
994 1699 1072 1754 quae
1087 1681 1230 1754 jusserit:

179 1799 217 1837 nc
233 1785 391 1837 cunctetur
405 1779 470 1853 ipse
485 1779 610 1852 propius
627 1778 781 1836 accedere.

220 1878 278 1933 His
300 1876 391 1933 rebus
413 1876 456 1932 ita
478 1876 566 1944 actis
583 1876 752 1932 constituta
774 1881 862 1933 nocte
882 1894 942 1950 qua
957 1877 1231 1951 proficiscerentur,

180 1974 287 2033 Cicero
309 1992 364 2048 per
383 1974 504 2049 legatos
526 1978 636 2031 cuncta
657 1973 795 2043 edoctus,
814 1973 849 2028 L.
865 1973 989 2030 Valerio
1010 1973 1121 2032 Flacco
1142 1980 1173 2032 et
1195 1973 1230 2031 C.

180 2073 344 2147 Pomptino
369 2071 560 2146 praetoribus
586 2071 724 2144 imperat,
747 2076 781 2128 ut
805 2070 836 2127 in
858 2076 951 2147 ponte
973 2071 1091 2129 Mulvio
1113 2089 1167 2146 per
1188 2072 1233 2128 in·

180 2172 275 2229 sidias
305 2171 510 2245 Allobrogum
541 2170 705 2227 comitatus
737 2170 986 2244 deprehendant3
1019 2188 1082 2227 rem
1113 2188 1234 2227 omnem

180 2270 289 2343 aperit,
306 2270 394 2341 cujus
417 2267 517 2343 gratia
537 2268 756 2336 mittebantur3
780 2272 893 2338 cetera,
910 2268 954 2324 uti
976 2268 1060 2325 facto
1082 2286 1159 2343 opus
1180 2269 1231 2337 sit,

95 2426 100 2433 ,
180 2368 223 2424 ita
248 2372 343 2441 agant
367 2364 526 2439 permittit.
573 2364 635 2434 Illi,
662 2365 800 2421 homines
825 2365 985 2435 militares,
1013 2366 1077 2422 sine
1103 2365 1234 2423 tumultu

131 2528 136 2539 ,
180 2463 341 2539 praesidiis
364 2462 521 2520 collocatis
543 2462 633 2520 sicuti
656 2468 853 2535 praeceptum
874 2469 950 2532 erat,
970 2464 1087 2520 occulte
1110 2469 1234 2536 pontem

180 2563 337 2620 obsidunt.
383 2560 552 2633 Postquam
571 2560 611 2616 ad
626 2560 657 2616 id
672 2559 731 2616 loci
747 2559 839 2635 legati
854 2577 922 2617 cum
937 2560 1094 2617 Volturcio
1109 2578 1232 2630 venere,

181 2659 270 2717 simul
292 2658 444 2730 utrimque
467 2656 581 2714 clamor
601 2665 728 2713 exortus
750 2662 807 2727 est,
825 2656 907 2715 Galli
928 2658 1000 2727 cit0,
1018 2658 1140 2733 cognito
1163 2675 1234 2715 con-

181 2758 260 2823 silio,
282 2758 348 2813 sine
370 2773 456 2812 mora
478 2754 669 2828 praetoribus
691 2772 725 2811 se
747 2755 881 2812 tradunt.
926 2755 1113 2825 Volturcius,
1137 2756 1234 2829 primo

181 2856 358 2912 cohortatus
381 2858 512 2922 ceteros,
529 2852 633 2927 gladio
655 2870 688 2909 se
703 2871 722 2909 a
733 2853 928 2918 multitudine
944 2853 1101 2922 detendit3
1124 2854 1234 2910 deinde

181 2953 233 3009 ubi
254 2971 272 3009 a
293 2952 404 3027 legatis
422 2951 562 3008 desertus
577 2954 635 3019 est,
652 2950 748 3007 multa
763 2950 847 3023 prius
862 2951 899 3007 de
915 2951 1013 3007 salute
1029 2968 1084 3008 sua
1099 2951 1235 3025 Pompti-

182 3069 254 3106 num
278 3050 463 3118 obtestatuS,
490 3048 573 3121 quod
597 3047 626 3103 ei
650 3053 741 3104 notus
766 3053 842 3117 erat,
869 3056 1024 3122 postremo
1049 3049 1172 3105 timidus
1198 3067 1234 3107 ac

183 3148 263 3206 vitae
278 3136 419 3204 diffidens
434 3144 520 3202 velut
534 3144 674 3201 hostibus
690 3162 757 3201 sese
773 3146 963 3219 praetoribus
979 3146 1073 3203 dedit.

433 3390 502 3446 120.
546 3390 617 3446 Tun
640 3388 742 3447 Sronr
762 3406 801 3447 or
824 3388 979 3448 Cannam.

302 3538 447 3597 Velocem
463 3537 579 3595 interea
595 3538 713 3612 superis
729 3537 760 3593 in
776 3512 899 3595 sedibds
915 3537 1018 3612 opum

262 3654 354 3693 unam
370 3653 409 3693 ex
424 3636 594 3711 virginibus
609 3635 701 3693 sociis
717 3653 863 3707 sacraque
880 3642 1013 3707 caterva,

263 3733 466 3815 compellabat
481 3738 513 3791 et
527 3734 582 3789 has
597 3733 695 3791 tristis
712 3732 842 3791 Latonia
857 3751 948 3791 voces
