2817 4300
435 369 614 415 nxrnorrs
640 369 686 416 or
712 368 954 416 auuxaunna.
1174 352 1214 416 31

163 561 197 600 se
212 544 352 616 experta,
369 539 535 614 improviso
549 543 651 596 tamen
666 557 781 614 pavore
796 546 1027 612 percusserant:
1049 541 1161 615 quippe

163 639 324 696 instabiles
346 645 440 708 rates,
465 655 521 696 uec
542 637 632 712 dirigi
655 637 695 693 ad
717 636 825 709 ripam,
849 655 905 693 nec
927 639 993 694 tutb
1015 638 1162 711 applicari

165 753 258 810 posse
280 735 457 792 credebaut.
501 735 599 792 Erant
620 733 651 789 iu
672 734 773 789 medio
788 751 876 790 amno
892 734 1008 790 insulae
1024 736 1159 806 crebrae,

164 833 196 888 iu
221 849 298 905 quas
323 833 392 888 Iudi
414 837 445 889 et
465 832 652 888 Macedones
674 835 794 899 nautea,
818 830 927 888 levatis
949 850 1040 906 super
1061 834 1163 906 capita

165 929 270 998 armis,
287 929 471 986 transibant.
517 929 564 985 Ibi
579 928 659 985 levia
674 927 790 1000 proelia
805 929 1016 1000 conferebant,
1034 936 1065 986 ct
1082 936 1162 996 uter·
1197 939 1215 988 5

165 1045 224 1100 que
253 1027 323 1083 Rex
351 1045 463 1101 parvae
491 1027 535 1083 rei
570 1025 743 1102 discrimine
779 1043 914 1082 summae
950 1028 1163 1100 experiebatur

165 1130 319 1182 eventum.
373 1123 532 1182 Caeterum
555 1124 586 1179 iu
607 1123 813 1179 Macedonum
835 1124 970 1180 exercitu
993 1125 1163 1183 temeritate

166 1229 259 1296 atque
295 1223 422 1280 audacia
457 1222 592 1297 insigues
621 1217 706 1276 lubre
736 1219 926 1278 Simmachus
957 1234 988 1279 et
1015 1223 1160 1293 Nicanor,

166 1320 286 1377 nobiles
303 1321 443 1393 juvenes,
464 1323 495 1376 et
514 1319 663 1392 perpetui
683 1303 833 1391 1partium
851 1318 998 1376 felicitate
1019 1320 1058 1375 ad
1080 1339 1163 1393 sper·

164 1419 300 1476 neudum
315 1436 404 1475 omne
420 1416 587 1492 periculum
602 1417 732 1473 accensi.
768 1415 885 1487 Quibus
900 1417 1027 1473 ducibus
1043 1436 1162 1492 promp
1180 1425 1216 1475 10

166 1516 278 1573 tissimi
312 1517 459 1588 juvenum
485 1513 618 1572 baneas
646 1514 738 1570 modo
768 1513 878 1570 armati
893 1512 1103 1571 'transnavere
1133 1516 1163 1573 iu

167 1614 309 1683 insulam,
334 1631 425 1686 quarn
450 1614 595 1686 frequens
619 1612 716 1668 hostis
741 1612 884 1680 tenebat3
917 1613 1089 1686 multosque
1112 1614 1162 1670 Iu·

167 1712 286 1781 dorum,
301 1711 383 1767 nulla
397 1729 428 1767 re
443 1710 541 1786 magis
556 1708 646 1784 quam
662 1709 790 1765 audacia
801 1709 920 1778 armati,
933 1709 1160 1768 interemerunt.

167 1809 263 1866 Abire
292 1826 361 1865 curu
388 1809 485 1884 gloria
513 1810 666 1881 poteraut,
690 1807 718 1862 si
739 1823 881 1880 umquam
906 1807 1061 1864 temeritas
1087 1809 1164 1865 felix

167 1905 320 1964 inveniret
340 1906 473 1962 modum.
519 1904 580 1963 Sed
602 1905 672 1961 dum
695 1905 945 1979 supervenientes
966 1908 1165 1980 contemptim
1180 1914 1216 1963 15

168 2009 200 2061 et
228 2002 357 2077 superbo
385 2020 504 2076 quoque
534 2006 728 2076 exspectant,
755 2003 953 2060 circumventi
977 2004 1016 2059 ab
1041 2005 1087 2059 his
1112 2002 1164 2077 qui

168 2101 280 2159 occulti
300 2105 511 2171 enataverunt,
529 2100 646 2157 eminus
661 2097 778 2158 8obruti
794 2100 864 2158 telis
883 2105 964 2158 sunt.
1009 2100 1068 2173 Qui
1089 2104 1164 2159 effu-

167 2206 278 2276 gerant
291 2200 421 2268 hostem,
439 2204 493 2255 aut
507 2198 622 2273 impetu
638 2199 738 2255 amuis
759 2198 854 2255 ablati
875 2204 958 2268 suut,
976 2207 1029 2257 aut
1043 2201 1164 2257 vortici-

167 2298 226 2355 bus
258 2293 424 2371 ⁴impliciti
477 2296 582 2369 anue
617 2314 720 2371 pugna
755 2295 882 2352 multum
915 2297 1057 2354 fiduciam
1092 2297 1165 2354 Pori

169 2395 278 2466 crexit,
295 2400 406 2452 cuncta
420 2394 574 2451 cernentis
590 2411 606 2450 e
621 2393 696 2467 ripa.
1179 2402 1217 2453 20

209 2495 260 2548 44.
291 2492 470 2549 Alexander
497 2491 586 2565 inops
615 2490 745 2559 consilii,
775 2492 900 2548 taudem
927 2493 967 2549 ad
995 2493 1164 2550 fallendum

168 2591 288 2647 hostem
316 2590 409 2647 talem
437 2588 540 2645 dolum
569 2588 711 2645 intendit.
755 2590 832 2646 Erat
860 2589 959 2646 insula
987 2590 1019 2646 in
1041 2590 1163 2647 flumine

169 2688 297 2761 amplior
320 2672 465 2757 baeturia,
496 2685 655 2762 sylvestris
684 2686 802 2756 eadem,
826 2691 858 2744 et
882 2688 1020 2763 tegendis
1045 2687 1163 2744 insidiis

170 2791 252 2859 apta.
296 2786 395 2843 Fossa
417 2803 536 2859 quoque
557 2784 695 2859 praealta
709 2786 789 2842 baud
812 2785 918 2859 procul
939 2804 957 2841 a
977 2785 1054 2859 ripa,
1073 2804 1165 2861 quam

169 2884 294 2941 tenebat
305 2884 382 2958 ipse,
399 2901 460 2940 nou
475 2883 595 2957 pedites
610 2883 713 2951 modb,
726 2883 781 2939 sed
796 2883 888 2939 etiam
903 2900 972 2941 cum
986 2884 1071 2957 equis
1081 2885 1164 2942 viros
1180 2892 1216 2942 25

169 2986 290 3055 poterat
307 2978 526 3039 ⁵abscoudere.
570 2981 614 3040 Ut
632 2980 723 3056 igitur
743 2999 762 3036 a
782 2980 922 3037 custodit
942 2981 1033 3053 hujus
1054 3000 1164 3055 oppor-

169 3081 308 3137 tunitatis
344 3081 449 3137 oculos
486 3080 621 3136 hostium
662 3084 825 3148 averteret,
856 3082 1063 3138 Ptolemaeum
1096 3098 1163 3137 cum

169 3179 309 3236 omnibus
338 3180 446 3237 turmis
469 3175 661 3253 6obequitare
691 3180 784 3254 jussit
807 3180 912 3253 procul
936 3180 974 3236 ab
1000 3179 1110 3249 insuit,
1134 3183 1166 3235 et

170 3277 297 3335 subinde
312 3278 408 3335 ludos
424 3278 554 3335 clamore
569 3285 694 3348 terrere,
711 3278 799 3352 quasi
819 3279 931 3335 flumen
952 3284 1164 3335 transnaturus

169 3374 260 3431 foret.
305 3376 364 3432 Per
392 3376 562 3449 complures
585 3378 650 3434 dies
679 3363 875 3434 Ptolemaeus
904 3375 935 3431 id
958 3375 1045 3444 iecit,
1069 3392 1164 3447 eoquo
1180 3382 1218 3430 30

266 3620 277 3654 1
289 3622 412 3684 partium,
425 3622 485 3671 tteir
497 3622 557 3673 side.
707 3624 718 3657 4
729 3624 860 3686 impliciti,
873 3622 928 3671 leid
940 3624 973 3683 in,
985 3631 1058 3686 sarept
1069 3624 1103 3672 in.

266 3702 278 3735 ²
290 3704 396 3764 lanceis,
408 3703 465 3769 b'yit
481 3722 574 3769 spectra.
708 3704 719 3738 ⁶
731 3707 934 3765 abscondere„to
947 3706 1049 3754 conceal.

267 3784 279 3818 ⁸
290 3786 378 3835 obruti
390 3792 459 3847 suut,
471 3786 552 3835 struck
565 3786 641 3835 down.
709 3787 719 3819 ⁶
732 3788 893 3849 obequitare,
905 3796 928 3835 to
939 3788 993 3836 ride
998 3786 1122 3851 forword.
