2817 4300
163 366 226 432 152
347 383 562 430 suuncrrons
586 383 687 429 raon
710 373 823 428 nA'rru
846 381 1028 429 aurnuns.
1116 367 1118 372 '

451 587 501 642 34.
545 587 616 642 Tira
638 584 741 643 Krucs
763 601 801 642 or
823 585 921 641 Tnor.

201 715 241 774 In
262 732 300 773 ea
319 715 472 792 Phrygiae
494 722 580 790 parte
595 732 673 788 quae
688 715 882 788 Bosphorum
896 713 1060 771 Thracium
1074 713 1210 788 respicit,

161 815 285 888 Trojam
299 815 475 883 Dardanus,
491 813 580 870 Jovis
595 817 627 869 et
641 813 781 870 Electrae
797 811 886 880 filius,
905 811 1051 880 condidit,
1068 828 1084 866 1
1099 811 1213 868 Tuscia

160 913 294 989 fugiens,
311 912 414 970 occiso
428 912 536 980 fratre,
552 911 674 984 quicum
696 910 727 966 in
749 911 805 967 hae
824 909 933 966 Italiae
948 913 1034 983 parte
1050 908 1209 983 regnabat.

161 1011 273 1068 Rerum
288 1010 320 1066 in
334 1009 454 1066 Troade
469 1012 541 1064 tunc
557 1007 730 1081 potiebatur
752 1007 880 1075 Teucer,
897 1006 949 1079 qui
969 1006 1147 1062 Dardanum
1160 1022 1212 1080 ge-

162 1125 267 1164 nerum
289 1107 430 1175 adscivit,
448 1122 576 1178 cumque
591 1105 643 1162 illo
664 1105 777 1177 Trojae
799 1104 1001 1161 fundamenta
1022 1103 1106 1176 11111,
1124 1102 1212 1158 annis

161 1209 233 1261 ante
256 1209 360 1261 natam
385 1203 514 1260 Romam
537 1204 601 1260 fere
627 1202 841 1278 septingentis.
893 1201 1040 1258 Dardano
1065 1200 1213 1258 successit

160 1294 378 1359 Erichthonius
403 1300 494 1370 filius,
521 1300 720 1358 Erichthonia
744 1300 833 1366 Tros,
860 1299 912 1372 qui
934 1299 1060 1371 Trojam
1089 1299 1126 1354 de
1155 1315 1212 1354 suo

161 1384 329 1473 appellavit
344 1398 476 1454 nomine.
521 1398 611 1454 Trois
625 1397 706 1453 filius
721 1397 781 1454 fuit
796 1395 1003 1471 Ganymedes,
1018 1414 1036 1452 a
1049 1396 1128 1453 Jove
1142 1413 1212 1468 rap-

161 1503 222 1554 tus.
266 1497 345 1552 Item
367 1495 553 1563 Assaracus,
570 1512 609 1551 ex
630 1511 691 1567 quo
713 1493 835 1569 genitus
858 1498 905 1551 est
926 1491 1040 1568 Capys,
1057 1493 1212 1549 Anchisae

160 1599 266 1668 pater3
289 1595 411 1650 demum
431 1592 508 1662 Ilus,
525 1592 577 1665 qui
598 1597 758 1666 paternum
781 1591 910 1664 adeptus
931 1598 1071 1666 regnum,
1085 1591 1212 1663 Trojam

161 1691 184 1748 I
184 1692 260 1748 lium
275 1691 379 1747 vocari
394 1691 496 1762 jussit.

201 1788 260 1845 Illo
274 1788 424 1845 successit
437 1787 517 1843 filius
533 1786 720 1856 Laomedon,
737 1803 827 1858 quem
848 1784 997 1842 Hercules
1017 1785 1083 1843 vita
1103 1801 1212 1860 regno-

160 1903 219 1958 que
241 1884 397 1959 spoliavit,
414 1878 557 1971 abducto·
568 1886 633 1957 ejus
647 1882 709 1940 filio
723 1883 775 1956 qui
790 1902 808 1940 a
829 1883 973 1955 Trojanis
986 1883 1055 1938 1111
1074 1882 1211 1954 redemp-
1311 1903 1317 1914 ·

160 1989 229 2040 tus:
253 1983 323 2039 inde
338 1982 450 2038 Priami
466 1999 575 2038 nomen
590 1986 773 2038 consecutus
789 1985 846 2049 est,
863 1997 931 2038 cum
947 1985 1038 2036 antea
1059 1980 1212 2036 Podarces

160 2079 322 2138 diceretur.
368 2080 506 2136 Priamus
520 2068 600 2153 patri
615 2080 774 2148 suffectus,
791 2078 924 2134 turribus
946 2077 1126 2151 arcibusque
1147 2095 1211 2133 mu-

160 2178 240 2238 nivit
254 2179 370 2246 urbem,
386 2195 464 2251 qua-e
479 2183 553 2235 tuno
566 2178 716 2253 Pergama
731 2177 909 2245 vocabatur,
926 2176 1006 2233 unde
1028 2176 1096 2249 ipsa
1116 2176 1191 2248 Troj

161 2293 272 2333 nomen
297 2276 371 2332 illud
394 2293 514 2349 quoque
538 2275 678 2348 sumpsit.
732 2274 845 2331 Priami
869 2290 958 2343 uxor,
981 2273 1128 2331 Hecuba:
1158 2273 1211 2329 filii

161 2374 329 2447 praecipui,
346 2374 474 2442 Hector,
491 2371 682 2445 Deiphobus,
699 2371 847 2437 Helenus,
865 2376 896 2429 11
917 2371 1016 2441 Paris,
1033 2371 1097 2428 sive
1114 2370 1211 2427 Alex·

161 2472 267 2541 ander,
284 2472 409 2527 funesta
423 2470 541 2545 patriae
555 2470 623 2526 fax.

396 2665 447 2720 35.
491 2664 562 2719 Tris
583 2663 725 2720 Mnrrron
747 2680 786 2721 or
807 2663 977 2721 Frenrnvc.

201 2796 282 2853 Toto
304 2795 361 2853 hoc
384 2795 416 2851 in
437 2811 549 2870 genere
570 2811 703 2869 pugnae,
720 2810 813 2866 quum
835 2793 892 2850 sub
913 2793 1009 2852 oculis
1026 2780 1161 2850 omnium
1175 2810 1212 2850 ao

161 2912 216 2969 pro
230 2892 340 2951 castris
354 2893 560 2959 dimicaretur,
574 2892 762 2949 intellectum
776 2895 825 2948 est
839 2896 961 2948 nostros
977 2896 1101 2965 propter
1111 2891 1210 2966 gravi·

160 2997 257 3048 tatem
271 3007 434 3059 armorum,
450 2990 532 3062 quod
547 3006 644 3062 neque
659 2988 779 3061 insequi
801 2989 943 3047 cedentes
965 2993 1092 3061 possent
1113 3005 1211 3062 neque

160 3089 200 3145 ab
221 3088 318 3164 signis
340 3087 496 3143 discedere
519 3087 678 3155 auderent,
695 3086 795 3142 minus
813 3091 902 3159 aptos
917 3103 985 3142 esse
1001 3086 1039 3142 ad
1054 3086 1145 3158 hujus
1159 3103 1211 3160 ge-

161 3187 241 3242 neris
256 3186 384 3255 hostem,
397 3185 515 3258 equites
530 3191 630 3240 autem
642 3199 756 3258 magno
768 3201 837 3240 cum
852 3184 986 3257 periculo
998 3183 1113 3257 proelio
1125 3184 1211 3239 dimi-

161 3301 241 3349 care,
258 3287 419 3356 propterea
434 3282 516 3353 quod
530 3280 573 3336 illi
589 3281 681 3337 etiam
696 3280 837 3337 consulto
857 3280 1033 3355 plerumque
1055 3281 1209 3347 cederent,

160 3385 191 3437 et
201 3397 295 3453 quum
309 3380 432 3453 paulum
449 3381 487 3437 ab
497 3379 668 3455 legionibus
684 3366 806 3435 nostros
817 3379 1031 3448 removissent,
1043 3398 1083 3435 ex
1094 3379 1211 3435 essedis

160 3476 317 3534 desilirent
332 3478 505 3552 etpedibus
520 3477 635 3551 dispari
651 3476 766 3550 proelio
781 3478 1011 3535 contenderent.
1050 3477 1211 3549 Equestris

135 3590 138 3593 ’
160 3581 262 3631 autem
277 3575 382 3649 proelii
399 3576 476 3631 ratio
491 3579 522 3631 et
539 3574 717 3631 cedentibus
740 3580 770 3631 et
791 3575 1022 3648 insequentibus
1044 3594 1098 3649 par
1120 3581 1211 3647 atque

160 3674 240 3729 idem
255 3672 420 3747 periculum
435 3672 598 3729 inferebat.
642 3673 822 3729 Accedebat
835 3674 904 3740 huc,
923 3679 957 3730 111
971 3690 1125 3746 nunquam
1140 3691 1210 3729 con-

160 3770 244 3839 ferti,
262 3769 317 3826 sed
338 3769 398 3826 rari
420 3768 599 3844 magnisque
614 3768 784 3827 intervallis
799 3770 1030 3843 proeliarentur,
1048 3770 1210 3826 stationes·
