2817 4300
525 427 643 473 sacar
665 427 864 473 manners.
1153 410 1216 474 195

1085 466 1103 496 Ο

368 598 427 670 Qui
441 615 522 654 nunc
537 602 567 654 te
583 597 692 654 fruitur
707 597 847 654 credulus
863 615 972 666 aurea3

369 694 427 767 Qui
441 712 560 768 semper
574 712 714 764 vacuam,
731 713 851 768 semper
866 694 1028 752 amabilem

408 791 519 866 Sperat
533 791 653 848 nescius
669 809 761 849 aurae

426 919 429 924 ·
447 889 591 946 Fallacis.
634 889 754 959 Miseri,
770 890 880 963 quibus

366 1051 524 1108 Intentata
538 1051 636 1108 nites!
659 1070 708 1108 me
723 1051 828 1109 tabula
842 1069 928 1109 sacer

366 1147 480 1206 Votiva
494 1149 595 1222 paries
609 1148 725 1206 indicat
739 1149 832 1206 uvida

408 1243 610 1320 suspendisse
624 1246 744 1320 potenti

445 1344 638 1402 Vestimenta
651 1345 744 1402 maris
758 1347 827 1403 deo.

423 1577 473 1632 88.
504 1574 620 1634 Omnes
642 1593 669 1633 1s
691 1593 767 1634 saur
787 1593 825 1634 ro
847 1578 952 1635 Romu.

204 1706 352 1782 Pyrrhus,
374 1724 430 1764 rex
454 1707 552 1781 Epiri,
575 1713 647 1782 post
667 1708 827 1765 victoriam
852 1709 890 1765 de
912 1709 1060 1765 Romanis
1081 1716 1212 1784 partam,

164 1822 258 1878 quum
282 1822 321 1860 ex
345 1805 493 1862 acerrima
508 1823 622 1881 ,pugna
645 1806 768 1862 reficere
794 1806 899 1880 copias
925 1824 996 1862 suas
1021 1812 1156 1880 cuperet,
1184 1813 1215 1864 et

165 1901 321 1958 Romanos
353 1906 427 1959 tunc
454 1902 587 1960 maxime
616 1907 754 1977 speraret
783 1903 911 1959 inituros
939 1921 1056 1977 pacem,
1087 1902 1214 1961 Cineam

164 1999 346 2056 Thessalum
360 2000 489 2057 Romam
504 2001 598 2071 misit,
611 2001 710 2058 virum
725 2000 916 2074 eloquentiae
930 2000 1020 2058 laude
1033 2001 1075 2057 ita
1086 2001 1213 2072 clarum,

164 2103 199 2155 ut
219 2096 311 2157 etiam
332 2115 401 2156 cum
421 2098 629 2157 Demosthene
651 2099 853 2157 conferretur.
906 2098 939 2156 Is
961 2098 1053 2175 igitur
1074 2105 1214 2157 senatum

164 2196 332 2272 ingressus,
348 2214 418 2253 cum
439 2196 499 2253 alia
515 2197 612 2254 multa
626 2197 664 2253 de
678 2214 750 2272 rege
766 2197 925 2273 magnifice
940 2196 1060 2254 locutus
1075 2202 1133 2267 est,
1150 2203 1214 2255 tum

163 2311 236 2353 vero
250 2294 482 2364 humanitatem,
495 2311 555 2367 qua
569 2300 641 2369 post
655 2312 791 2371 pugnam
804 2312 878 2351 usus
890 2299 984 2365 esset,
998 2294 1100 2351 multis
1112 2296 1213 2352 verbis

162 2391 291 2461 extulit3
314 2393 396 2465 quod
418 2410 516 2465 neque
538 2393 577 2449 ad
598 2393 704 2449 urhem
723 2392 897 2461 confestim,
916 2410 972 2449 nec
987 2392 1026 2448 ad
1041 2392 1213 2468 fugatorum

163 2496 276 2561 castra,
306 2491 447 2547 duxisset
477 2491 654 2548 exercitum.
713 2490 823 2547 Pacem
856 2497 957 2547 autem
987 2495 1019 2546 et
1050 2490 1214 2547 amicitiam

163 2588 273 2663 Pyrrhi
297 2606 508 2661 armorumque
537 2588 715 2645 societatem
745 2587 792 2643 his
814 2587 1045 2645 condicionibus
1067 2587 1213 2645 Romanis

161 2686 290 2743 obtulit:
314 2686 340 2743 si
355 2686 539 2743 Tarentinos
551 2686 657 2742 eadem
669 2685 816 2742 societate
829 2686 1132 2759 comprehenderent,
1145 2684 1213 2741 reli-

162 2801 239 2857 quos
260 2802 334 2842 vero
355 2783 504 2853 Graecos,
527 2784 649 2841 Italiam
672 2783 851 2852 incolentes,
874 2782 987 2839 liberos
1010 2782 1115 2855 suique
1136 2782 1212 2855 juris

161 2899 230 2938 esse
252 2882 405 2950 sinerent;
429 2882 558 2955 denique
580 2882 725 2950 Lucanis,
744 2880 944 2949 Samnitibus,
968 2879 1098 2936 Dauniis
1121 2884 1211 2952 atque

161 2979 302 3047 Bruttiis,
318 2980 465 3053 quidquid
484 2980 543 3036 illis
558 2978 639 3036 bello
653 2978 865 3047 abstulissent,
882 2978 1088 3035 restituerent.
1133 2976 1171 3034 Id
1186 2978 1212 3033 si

162 3075 322 3147 fecissent,
339 3076 448 3150 inquit,
464 3077 614 3152 Pyrrhum
629 3075 768 3149 captivos
784 3075 849 3132 sine
865 3074 963 3150 pretio
977 3075 1175 3131 redditurum.

557 3305 607 3361 89.
637 3304 818 3361 Amsmnss.

201 3434 367 3505 Aristides
384 3436 558 3511 Lysimachi
579 3436 670 3504 filius,
687 3433 899 3503 Atheniensis,
917 3431 1052 3506 aequalis
1073 3434 1137 3489 iere
1152 3434 1212 3491 fuit

160 3532 369 3590 Themistocli.
400 3532 509 3605 Itaque
520 3551 588 3590 cum
600 3550 636 3590 eo
648 3532 685 3588 de
698 3531 870 3605 principatu
881 3531 1057 3588 contendit:
1081 3547 1211 3602 namque

160 3630 373 3687 obtrectarunt
393 3629 473 3686 inter
493 3648 537 3687 se.
585 3631 623 3686 In
645 3630 691 3686 his
714 3636 815 3687 autem
837 3628 993 3705 cognitum
1015 3632 1072 3697 est,
1097 3633 1212 3699 quanto

162 3735 331 3789 antestaret
356 3731 531 3804 eloquentia
555 3731 759 3788 innocentiae.
814 3730 1002 3803 Quamquam
1029 3728 1108 3785 enim
1135 3729 1212 3786 adeo

159 3827 331 3886 excellebat
363 3828 517 3886 Aristides
551 3828 748 3896 abstinentia,
780 3830 815 3884 ut
847 3844 926 3884 unus
956 3831 1027 3901 post
1057 3826 1212 3884 hominum
