2817 4300
183 379 226 445 82
366 393 582 442 smucmons
604 393 708 440 raom
730 393 844 439 narra
867 394 1050 442 Auruons

258 565 409 640 exsangui
424 569 456 621 et
469 563 575 637 primis
590 580 652 620 una
666 567 714 620 tot
726 563 818 620 caede
833 565 1012 638 peremptis,

260 661 450 734 Serranoque
465 661 637 734 Numaque.
682 660 798 736 Ingens
813 677 979 718 concursus
994 663 1033 719 ad
1047 662 1125 737 ipsa*

185 767 243 817 455
259 776 387 833 corpora
402 757 623 830 seminecisque
637 757 721 815 viros
736 757 899 831 tepidaque
914 765 1066 817 recentem

259 857 352 914 caede
367 854 467 913 locum
482 860 514 911 et
528 854 636 928 plenos
651 855 805 928 spumanti
820 856 968 930 sanguine
982 856 1076 913 rivos.

217 979 220 984 ’
259 954 445 1030 Agnoscunt
459 951 558 1026 spolia
572 952 652 1009 inter
665 969 699 1008 se
713 951 893 1028 galeamque
908 953 1056 1010 nitentem

260 1050 398 1125 Messapi
413 1055 445 1107 et
458 1049 555 1106 multo
568 1049 710 1124 phaleras
725 1050 836 1107 sudore
850 1055 999 1124 receptas,

300 1149 342 1204 Et
357 1147 417 1202 iam
431 1146 529 1220 prima
543 1162 625 1203 novo
639 1147 807 1222 spargebat
820 1146 933 1204 lumine
949 1154 1047 1204 terras

187 1252 245 1302 460
260 1243 385 1301 Tithoni
399 1261 539 1300 croceum
554 1242 695 1316 linquens
709 1244 832 1300 Aurora
847 1244 964 1302 cubile:

261 1343 322 1398 iam
336 1340 400 1398 sole
414 1340 527 1410 infuso,
545 1340 606 1398 iam
619 1341 712 1397 rebus
727 1340 794 1398 luce
808 1341 933 1398 retectis

260 1440 381 1495 Turnus
397 1437 428 1495 in
443 1455 527 1494 arma
541 1437 635 1506 viros,
651 1437 743 1495 armis
758 1437 962 1496 circumdatus
977 1439 1055 1513 ipse,

261 1529 400 1599 suscitat,
418 1534 599 1602 aeratasque
614 1529 695 1586 acies
711 1529 742 1585 in
757 1529 874 1602 proelia
888 1530 971 1604 cogit

260 1627 389 1701 quisque
404 1643 477 1682 suas
490 1625 644 1698 variisque
657 1622 790 1683 ¹acuunt
801 1626 973 1684 rumoribus
988 1627 1061 1684 iras.

187 1733 245 1783 465
261 1725 342 1797 Quin
356 1723 424 1797 ipsa
438 1722 565 1780 arrectis
584 1721 667 1798 (visu
682 1722 870 1798 miserabile)
890 1721 921 1779 in
935 1724 1033 1780 hastis

260 1823 432 1897 praefigunt
446 1820 548 1894 capita
562 1826 593 1877 et
607 1820 703 1877 multo
718 1820 850 1878 clamore
865 1826 1033 1893 sequuntur

260 1918 385 1993 Euryali
401 1922 431 1974 et
446 1916 526 1974 Nisi.

261 2015 427 2073 Aeneadae
442 2014 509 2072 duri
524 2031 678 2071 murorum
692 2013 722 2070 in
739 2019 826 2088 parte
841 2014 967 2072 sinistra

261 2130 431 2189 opposuere
446 2112 553 2181 aciem,
570 2130 641 2169 nam
656 2113 784 2170 dextera
799 2111 931 2189 cingitur
946 2113 1038 2183 amni,

188 2219 246 2271 470
261 2212 455 2288 ingentisque
470 2216 577 2268 tenent
591 2211 695 2267 fossas
710 2215 741 2267 et
755 2210 890 2267 turribus
905 2211 976 2267 altis

262 2314 347 2367 stant
360 2308 469 2366 maesti
481 2327 487 2375 ;
524 2308 612 2364 simul
628 2326 682 2364 ora
696 2308 793 2365 virum
810 2309 946 2381 praefixa
960 2309 1136 2379 movebant,

262 2411 335 2464 nota
349 2406 440 2462 nimis
454 2405 574 2462 miseris
588 2410 716 2477 atroque
730 2405 856 2462 fluentia
871 2406 954 2461 tabo.

387 2554 446 2609 rue
461 2553 573 2609 tument
586 2554 624 2626 of
639 2552 685 2608 the
700 2552 815 2609 mother
828 2554 866 2625 of
874 2554 1040 2626 Euryclea.

301 2662 423 2718 Interea
437 2660 581 2733 pavidam
596 2659 730 2716 volitans
744 2656 895 2733 2pennata
909 2678 964 2733 per
978 2661 1082 2717 urbem

261 2759 369 2815 nuntia
383 2757 479 2813 Fama
493 2757 554 2814 ruit
568 2757 733 2830 matrisque
750 2756 902 2813 adlabitur
917 2758 997 2813 auris

187 2865 245 2918 475
261 2855 397 2930 Euryali.
440 2855 485 2912 At
499 2855 619 2911 subitus
634 2854 762 2911 miserae
779 2855 861 2912 calor
875 2872 947 2911 ossa
961 2855 1093 2928 reliquit,

260 2951 399 3009 ³excussi
415 2952 555 3008 manibus
570 2952 647 3009 radii
661 2951 859 3025 revolutaque
874 2970 980 3027 pensa.

261 3050 373 3108 Evolat
387 3049 497 3106 infelix
512 3053 543 3105 et
557 3048 690 3106 femineo
704 3049 833 3120 ululatu,

261 3148 358 3205 scissa
372 3164 501 3216 comam,
517 3164 621 3203 muros
636 3166 741 3203 amens
757 3152 847 3220 atque
862 3149 983 3223 agmina
998 3166 1089 3205 cursu

260 3245 358 3321 prima
372 3244 461 3317 petit,
478 3262 540 3301 nou
555 3244 730 3314 illaturum,
748 3262 809 3300 nou
824 3244 876 3301 illa
890 3245 994 3318 pericli

260 3343 448 3415 telorumque
463 3360 596 3411 mem0r;
612 3342 730 3399 caelum
745 3342 852 3399 dehinc
867 3343 1026 3415 questibus
1038 3341 1160 3415 implet:
1177 3348 1236 3399 480

229 3482 239 3514 ¹
252 3489 351 3530 acuunt
363 3482 513 3530 rumoribus
525 3482 585 3530 iras.
620 3480 689 3541 Quia
701 3481 754 3529 duo
767 3482 825 3530 ausi
837 3487 898 3529 sunt
909 3496 957 3542 per
966 3496 1057 3529 eorum
1069 3488 1156 3529 castra
1168 3487 1237 3529 tran-

185 3558 420 3608 sire-Suavrus.

228 3640 240 3673 ²
250 3647 374 3703 pennata,
388 3639 488 3704 winped.

206 3777 208 3780 ,
228 3722 353 3773 ⁸excussi
367 3759 372 3770 .
387 3758 392 3770 .
406 3758 411 3769 .
424 3737 513 3784 pensa.
548 3726 563 3749 ‘¹
573 3720 624 3770 Tre
636 3720 720 3769 sluttle
726 3720 792 3786 falls
802 3722 871 3786 from
884 3729 923 3769 eat
934 3720 976 3769 ber
987 3720 1062 3781 land,
1074 3718 1183 3769 enrolled
1200 3718 1236 3769 tle

186 3805 233 3855 wel
245 3803 552 3869 dotlsall.''-Monnrs.
