<?xml version="1.0" encoding="UTF-8"?>
<!DOCTYPE html PUBLIC "-//W3C//DTD XHTML 1.0 Transitional//EN"
    "http://www.w3.org/TR/xhtml1/DTD/xhtml1-transitional.dtd">
<html xmlns="http://www.w3.org/1999/xhtml" xml:lang="en" lang="en">
 <head>
  <title>
</title>
<meta http-equiv="Content-Type" content="text/html;charset=utf-8" />
  <meta name='ocr-system' content='tesseract 3.04.00' />
  <meta name='ocr-capabilities' content='ocr_page ocr_carea ocr_par ocr_line ocrx_word'/>
</head>
<body>
  <div class='ocr_page' id='page_1' title='image "./selectionsfroml01tomlgoog_0073.png"; bbox 0 0 2817 4300; ppageno 0'>
   <div class='ocr_carea' id='block_1_1' title="bbox 559 399 1262 484">
    <p class='ocr_par' dir='ltr' id='par_1_1' title="bbox 559 399 1262 484">
     <span class='ocr_line' id='line_1_1' title="bbox 559 399 1262 484; baseline 0.003 -21"><span class='ocrx_word' id='word_1_1' title='bbox 559 399 718 463; x_wconf 79' lang='lat' dir='ltr'><strong>cronno&#39;s</strong></span> <span class='ocrx_word' id='word_1_2' title='bbox 741 415 916 462; x_wconf 80' lang='lat' dir='ltr'><strong>nrrsrnns.</strong></span> <span class='ocrx_word' id='word_1_3' title='bbox 990 475 995 484; x_wconf 71' lang='lat'><strong>,</strong></span> <span class='ocrx_word' id='word_1_4' title='bbox 1220 401 1262 465; x_wconf 82' lang='lat'><strong>53</strong></span> 
     </span>
    </p>
   </div>
   <div class='ocr_carea' id='block_1_2' title="bbox 210 586 1260 1329">
    <p class='ocr_par' dir='ltr' id='par_1_2' title="bbox 210 586 1260 1329">
     <span class='ocr_line' id='line_1_2' title="bbox 211 586 1208 666; baseline -0.003 -18"><span class='ocrx_word' id='word_1_5' title='bbox 211 589 402 666; x_wconf 87' lang='lat' dir='ltr'><strong>gentissime,</strong></span> <span class='ocrx_word' id='word_1_6' title='bbox 419 587 505 645; x_wconf 86' lang='lat' dir='ltr'><strong>cuius</strong></span> <span class='ocrx_word' id='word_1_7' title='bbox 519 603 588 644; x_wconf 89' lang='lat' dir='ltr'><strong>cum</strong></span> <span class='ocrx_word' id='word_1_8' title='bbox 603 591 690 661; x_wconf 91' lang='lat' dir='ltr'><strong>patre</strong></span> <span class='ocrx_word' id='word_1_9' title='bbox 706 603 818 661; x_wconf 88' lang='lat' dir='ltr'><strong>magna</strong></span> <span class='ocrx_word' id='word_1_10' title='bbox 831 586 905 642; x_wconf 91' lang='lat' dir='ltr'><strong>mihi</strong></span> <span class='ocrx_word' id='word_1_11' title='bbox 920 586 980 644; x_wconf 86' lang='lat' dir='ltr'><strong>luit</strong></span> <span class='ocrx_word' id='word_1_12' title='bbox 994 587 1128 644; x_wconf 89' lang='lat' dir='ltr'><strong>amicitia</strong></span> <span class='ocrx_word' id='word_1_13' title='bbox 1148 588 1208 645; x_wconf 91' lang='lat' dir='ltr'><strong>iam</strong></span> 
     </span>
     <span class='ocr_line' id='line_1_3' title="bbox 210 682 1208 760; baseline -0.001 -17"><span class='ocrx_word' id='word_1_14' title='bbox 210 683 301 743; x_wconf 89' lang='lat' dir='ltr'><strong>¹inde</strong></span> <span class='ocrx_word' id='word_1_15' title='bbox 327 703 345 742; x_wconf 88' lang='lat' dir='ltr'><strong>a</strong></span> <span class='ocrx_word' id='word_1_16' title='bbox 373 689 539 758; x_wconf 81' lang='lat' dir='ltr'>quaestura</span> <span class='ocrx_word' id='word_1_17' title='bbox 567 701 635 740; x_wconf 93' lang='lat' dir='ltr'><strong>mea</strong></span> <span class='ocrx_word' id='word_1_18' title='bbox 663 683 825 741; x_wconf 80' lang='lat' dir='ltr'><strong>Siciliensi.</strong></span> <span class='ocrx_word' id='word_1_19' title='bbox 877 682 1010 741; x_wconf 88' lang='lat' dir='ltr'><strong>Omnino</strong></span> <span class='ocrx_word' id='word_1_20' title='bbox 1034 703 1114 742; x_wconf 89' lang='lat' dir='ltr'><strong>nunc</strong></span> <span class='ocrx_word' id='word_1_21' title='bbox 1143 685 1208 760; x_wconf 89' lang='lat' dir='ltr'><strong>ipse</strong></span> 
     </span>
     <span class='ocr_line' id='line_1_4' title="bbox 212 782 1209 858; baseline 0 -17"><span class='ocrx_word' id='word_1_22' title='bbox 212 784 352 841; x_wconf 88' lang='lat' dir='ltr'><strong>Bruttius</strong></span> <span class='ocrx_word' id='word_1_23' title='bbox 373 783 489 839; x_wconf 85' lang='lat' dir='ltr'><strong>Romae</strong></span> <span class='ocrx_word' id='word_1_24' title='bbox 511 798 629 858; x_wconf 83' lang='lat' dir='ltr'><strong>mecum</strong></span> <span class='ocrx_word' id='word_1_25' title='bbox 650 785 717 850; x_wconf 74' lang='lat' dir='ltr'><strong>est,</strong></span> <span class='ocrx_word' id='word_1_26' title='bbox 748 782 802 838; x_wconf 88' lang='lat' dir='ltr'><strong>sed</strong></span> <span class='ocrx_word' id='word_1_27' title='bbox 823 786 926 838; x_wconf 85' lang='lat' dir='ltr'><strong>tamen</strong></span> <span class='ocrx_word' id='word_1_28' title='bbox 947 782 1071 838; x_wconf 90' lang='lat' dir='ltr'><strong>domum</strong></span> <span class='ocrx_word' id='word_1_29' title='bbox 1091 783 1156 839; x_wconf 88' lang='lat' dir='ltr'><strong>eius</strong></span> <span class='ocrx_word' id='word_1_30' title='bbox 1178 789 1209 841; x_wconf 89' lang='lat' dir='ltr'><strong>et</strong></span> 
     </span>
     <span class='ocr_line' id='line_1_5' title="bbox 211 879 1209 954; baseline 0.001 -16"><span class='ocrx_word' id='word_1_31' title='bbox 211 900 275 938; x_wconf 87' lang='lat' dir='ltr'><strong>rem</strong></span> <span class='ocrx_word' id='word_1_32' title='bbox 300 881 483 938; x_wconf 86' lang='lat' dir='ltr'><strong>familiarem</strong></span> <span class='ocrx_word' id='word_1_33' title='bbox 508 885 539 936; x_wconf 91' lang='lat' dir='ltr'><strong>et</strong></span> <span class='ocrx_word' id='word_1_34' title='bbox 567 885 780 954; x_wconf 82' lang='lat' dir='ltr'>procuratores</span> <span class='ocrx_word' id='word_1_35' title='bbox 808 879 863 937; x_wconf 89' lang='lat' dir='ltr'><strong>tibi</strong></span> <span class='ocrx_word' id='word_1_36' title='bbox 889 881 932 937; x_wconf 87' lang='lat' dir='ltr'><strong>sic</strong></span> <span class='ocrx_word' id='word_1_37' title='bbox 958 883 1147 951; x_wconf 86' lang='lat' dir='ltr'><strong>commendo,</strong></span> <span class='ocrx_word' id='word_1_38' title='bbox 1176 887 1209 939; x_wconf 92' lang='lat' dir='ltr'><strong>ut</strong></span> 
     </span>
     <span class='ocr_line' id='line_1_6' title="bbox 212 975 1260 1052; baseline 0.002 -16"><span class='ocrx_word' id='word_1_39' title='bbox 212 981 327 1052; x_wconf 85' lang='lat' dir='ltr'><strong>majore</strong></span> <span class='ocrx_word' id='word_1_40' title='bbox 349 978 450 1036; x_wconf 90' lang='lat' dir='ltr'><strong>studio</strong></span> <span class='ocrx_word' id='word_1_41' title='bbox 472 979 684 1036; x_wconf 87' lang='lat' dir='ltr'><strong>commendare</strong></span> <span class='ocrx_word' id='word_1_42' title='bbox 706 995 769 1034; x_wconf 93' lang='lat' dir='ltr'><strong>non</strong></span> <span class='ocrx_word' id='word_1_43' title='bbox 793 978 920 1052; x_wconf 90' lang='lat' dir='ltr'><strong>possim.</strong></span> <span class='ocrx_word' id='word_1_44' title='bbox 972 975 1208 1036; x_wconf 80' lang='lat' dir='ltr'><strong>²Gratissimum</strong></span> <span class='ocrx_word' id='word_1_45' title='bbox 1243 989 1260 1038; x_wconf 83' lang='lat'><strong>5</strong></span> 
     </span>
     <span class='ocr_line' id='line_1_7' title="bbox 211 1075 1208 1151; baseline 0.001 -17"><span class='ocrx_word' id='word_1_46' title='bbox 211 1078 285 1134; x_wconf 90' lang='lat' dir='ltr'><strong>mihi</strong></span> <span class='ocrx_word' id='word_1_47' title='bbox 306 1077 428 1144; x_wconf 63' lang='lat' dir='ltr'><strong>sacaria</strong></span> <span class='ocrx_word' id='word_1_48' title='bbox 445 1077 471 1131; x_wconf 93' lang='lat' dir='ltr'><strong>si</strong></span> <span class='ocrx_word' id='word_1_49' title='bbox 486 1075 613 1145; x_wconf 88' lang='lat' dir='ltr'><strong>curaris,</strong></span> <span class='ocrx_word' id='word_1_50' title='bbox 630 1081 665 1132; x_wconf 90' lang='lat' dir='ltr'><strong>ut</strong></span> <span class='ocrx_word' id='word_1_51' title='bbox 685 1075 845 1150; x_wconf 87' lang='lat' dir='ltr'><strong>intellegat</strong></span> <span class='ocrx_word' id='word_1_52' title='bbox 865 1077 1014 1146; x_wconf 89' lang='lat' dir='ltr'><strong>Bruttius,</strong></span> <span class='ocrx_word' id='word_1_53' title='bbox 1031 1077 1062 1134; x_wconf 91' lang='lat' dir='ltr'><strong>id</strong></span> <span class='ocrx_word' id='word_1_54' title='bbox 1080 1078 1162 1151; x_wconf 92' lang='lat' dir='ltr'><strong>quod</strong></span> <span class='ocrx_word' id='word_1_55' title='bbox 1181 1078 1208 1135; x_wconf 87' lang='lat' dir='ltr'><strong>ei</strong></span> 
     </span>
     <span class='ocr_line' id='line_1_8' title="bbox 212 1171 1207 1250; baseline -0.001 -19"><span class='ocrx_word' id='word_1_56' title='bbox 212 1175 326 1248; x_wconf 82' lang='lat' dir='ltr'><strong>recepi,</strong></span> <span class='ocrx_word' id='word_1_57' title='bbox 349 1175 427 1230; x_wconf 88' lang='lat' dir='ltr'><strong>hanc</strong></span> <span class='ocrx_word' id='word_1_58' title='bbox 450 1190 549 1228; x_wconf 87' lang='lat' dir='ltr'><strong>meam</strong></span> <span class='ocrx_word' id='word_1_59' title='bbox 570 1172 865 1229; x_wconf 78' lang='lat' dir='ltr'><strong>commendationem</strong></span> <span class='ocrx_word' id='word_1_60' title='bbox 890 1173 948 1229; x_wconf 90' lang='lat' dir='ltr'><strong>sibi</strong></span> <span class='ocrx_word' id='word_1_61' title='bbox 973 1191 1085 1250; x_wconf 87' lang='lat' dir='ltr'><strong>magno</strong></span> <span class='ocrx_word' id='word_1_62' title='bbox 1104 1171 1207 1232; x_wconf 62' lang='lat' dir='ltr'><strong>“adiu-</strong></span> 
     </span>
     <span class='ocr_line' id='line_1_9' title="bbox 212 1271 445 1329; baseline -0.009 -1"><span class='ocrx_word' id='word_1_63' title='bbox 212 1277 316 1329; x_wconf 92' lang='lat' dir='ltr'><strong>mento</strong></span> <span class='ocrx_word' id='word_1_64' title='bbox 337 1271 445 1327; x_wconf 87' lang='lat' dir='ltr'><strong>luisse.</strong></span> 
     </span>
    </p>
   </div>
   <div class='ocr_carea' id='block_1_3' title="bbox 272 1461 1200 1621">
    <p class='ocr_par' dir='ltr' id='par_1_3' title="bbox 272 1461 1200 1621">
     <span class='ocr_line' id='line_1_10' title="bbox 272 1461 1200 1525; baseline 0.003 -3"><span class='ocrx_word' id='word_1_65' title='bbox 272 1465 318 1522; x_wconf 92' lang='lat' dir='ltr'><strong>M.</strong></span> <span class='ocrx_word' id='word_1_66' title='bbox 342 1462 523 1523; x_wconf 88' lang='lat' dir='ltr'>TULLIUS</span> <span class='ocrx_word' id='word_1_67' title='bbox 546 1461 700 1521; x_wconf 87' lang='lat' dir='ltr'>CICERO</span> <span class='ocrx_word' id='word_1_68' title='bbox 723 1464 758 1520; x_wconf 88' lang='lat' dir='ltr'><strong>P.</strong></span> <span class='ocrx_word' id='word_1_69' title='bbox 778 1463 975 1522; x_wconf 84' lang='lat' dir='ltr'>SERVILIO</span> <span class='ocrx_word' id='word_1_70' title='bbox 997 1464 1200 1525; x_wconf 83' lang='lat' dir='ltr'><strong>lSAURICO</strong></span> 
     </span>
     <span class='ocr_line' id='line_1_11' title="bbox 340 1559 1130 1621; baseline 0 -3"><span class='ocrx_word' id='word_1_71' title='bbox 340 1559 512 1619; x_wconf 86' lang='lat' dir='ltr'><strong>PROCOS.</strong></span> <span class='ocrx_word' id='word_1_72' title='bbox 530 1560 758 1619; x_wconf 87' lang='lat' dir='ltr'>COLLEGAE</span> <span class='ocrx_word' id='word_1_73' title='bbox 779 1560 870 1619; x_wconf 85' lang='lat' dir='ltr'>SAL.</span> <span class='ocrx_word' id='word_1_74' title='bbox 887 1562 1130 1621; x_wconf 87' lang='lat' dir='ltr'>PLURIMAM.</span> 
     </span>
    </p>
   </div>
   <div class='ocr_carea' id='block_1_4' title="bbox 421 1681 1054 1732">
    <p class='ocr_par' dir='ltr' id='par_1_4' title="bbox 421 1681 1054 1732">
     <span class='ocr_line' id='line_1_12' title="bbox 421 1681 1054 1732; baseline -0.002 -1"><span class='ocrx_word' id='word_1_75' title='bbox 421 1681 483 1732; x_wconf 84' lang='lat' dir='ltr'><strong>Scn.</strong></span> <span class='ocrx_word' id='word_1_76' title='bbox 496 1681 598 1730; x_wconf 74' lang='lat' dir='ltr'><strong>Roman</strong></span> <span class='ocrx_word' id='word_1_77' title='bbox 612 1695 703 1729; x_wconf 80' lang='lat' dir='ltr'><strong>unnsn</strong></span> <span class='ocrx_word' id='word_1_78' title='bbox 718 1682 881 1732; x_wconf 79' lang='lat' dir='ltr'><strong>Sarranum</strong></span> <span class='ocrx_word' id='word_1_79' title='bbox 893 1697 918 1731; x_wconf 73' lang='lat' dir='ltr'><strong>a.</strong></span> <span class='ocrx_word' id='word_1_80' title='bbox 928 1697 955 1730; x_wconf 82' lang='lat' dir='ltr'><strong>n.</strong></span> <span class='ocrx_word' id='word_1_81' title='bbox 965 1696 988 1730; x_wconf 91' lang='lat' dir='ltr'><strong>c.</strong></span> <span class='ocrx_word' id='word_1_82' title='bbox 999 1682 1054 1731; x_wconf 83' lang='lat'>708.</span> 
     </span>
    </p>
   </div>
   <div class='ocr_carea' id='block_1_5' title="bbox 211 1790 1261 3334">
    <p class='ocr_par' dir='ltr' id='par_1_5' title="bbox 211 1790 1261 3334">
     <span class='ocr_line' id='line_1_13' title="bbox 258 1790 1208 1868; baseline 0.004 -21"><span class='ocrx_word' id='word_1_83' title='bbox 258 1790 307 1868; x_wconf 87' lang='lat'><strong>(1)</strong></span> <span class='ocrx_word' id='word_1_84' title='bbox 334 1791 449 1850; x_wconf 77' lang='lat' dir='ltr'><strong>Graiae</strong></span> <span class='ocrx_word' id='word_1_85' title='bbox 471 1791 544 1847; x_wconf 91' lang='lat' dir='ltr'><strong>mihi</strong></span> <span class='ocrx_word' id='word_1_86' title='bbox 563 1791 759 1849; x_wconf 88' lang='lat' dir='ltr'><strong>vehementer</strong></span> <span class='ocrx_word' id='word_1_87' title='bbox 780 1796 850 1848; x_wconf 90' lang='lat' dir='ltr'><strong>tuae</strong></span> <span class='ocrx_word' id='word_1_88' title='bbox 872 1790 992 1849; x_wconf 80' lang='lat' dir='ltr'><strong>litterae</strong></span> <span class='ocrx_word' id='word_1_89' title='bbox 1014 1794 1149 1863; x_wconf 85' lang='lat' dir='ltr'><strong>fuerunt,</strong></span> <span class='ocrx_word' id='word_1_90' title='bbox 1168 1812 1208 1851; x_wconf 85' lang='lat' dir='ltr'><strong>ex</strong></span> 
     </span>
     <span class='ocr_line' id='line_1_14' title="bbox 211 1885 1261 1965; baseline 0.003 -20"><span class='ocrx_word' id='word_1_91' title='bbox 211 1889 322 1962; x_wconf 89' lang='lat' dir='ltr'><strong>quibus</strong></span> <span class='ocrx_word' id='word_1_92' title='bbox 334 1888 464 1964; x_wconf 86' lang='lat' dir='ltr'><strong>cognovi</strong></span> <span class='ocrx_word' id='word_1_93' title='bbox 480 1906 585 1946; x_wconf 88' lang='lat' dir='ltr'><strong>cursus</strong></span> <span class='ocrx_word' id='word_1_94' title='bbox 597 1888 827 1963; x_wconf 83' lang='lat' dir='ltr'><strong>navigationum</strong></span> <span class='ocrx_word' id='word_1_95' title='bbox 840 1895 960 1945; x_wconf 88' lang='lat' dir='ltr'><strong>tuarum</strong></span> <span class='ocrx_word' id='word_1_96' title='bbox 972 1907 979 1958; x_wconf 83' lang='lat'>3</span> <span class='ocrx_word' id='word_1_97' title='bbox 997 1885 1208 1965; x_wconf 81' lang='lat' dir='ltr'><strong>⁴significabas</strong></span> <span class='ocrx_word' id='word_1_98' title='bbox 1224 1897 1261 1948; x_wconf 91' lang='lat'><strong>10</strong></span> 
     </span>
     <span class='ocr_line' id='line_1_15' title="bbox 212 1986 1208 2061; baseline 0.002 -19"><span class='ocrx_word' id='word_1_99' title='bbox 212 1987 294 2043; x_wconf 91' lang='lat' dir='ltr'><strong>enim</strong></span> <span class='ocrx_word' id='word_1_100' title='bbox 317 1986 493 2043; x_wconf 86' lang='lat' dir='ltr'><strong>memoriam</strong></span> <span class='ocrx_word' id='word_1_101' title='bbox 517 1992 600 2042; x_wconf 88' lang='lat' dir='ltr'><strong>tuam</strong></span> <span class='ocrx_word' id='word_1_102' title='bbox 630 1992 754 2044; x_wconf 86' lang='lat' dir='ltr'><strong>nostrae</strong></span> <span class='ocrx_word' id='word_1_103' title='bbox 779 1986 1025 2056; x_wconf 75' lang='lat' dir='ltr'><strong>necessitudiniS,</strong></span> <span class='ocrx_word' id='word_1_104' title='bbox 1050 2005 1111 2061; x_wconf 91' lang='lat' dir='ltr'><strong>qua</strong></span> <span class='ocrx_word' id='word_1_105' title='bbox 1135 1988 1208 2044; x_wconf 91' lang='lat' dir='ltr'><strong>mihi</strong></span> 
     </span>
     <span class='ocr_line' id='line_1_16' title="bbox 212 2083 1208 2159; baseline 0.001 -18"><span class='ocrx_word' id='word_1_106' title='bbox 212 2083 288 2142; x_wconf 90' lang='lat' dir='ltr'><strong>nihil</strong></span> <span class='ocrx_word' id='word_1_107' title='bbox 308 2088 429 2159; x_wconf 86' lang='lat' dir='ltr'><strong>poterat</strong></span> <span class='ocrx_word' id='word_1_108' title='bbox 451 2101 518 2141; x_wconf 89' lang='lat' dir='ltr'><strong>esse</strong></span> <span class='ocrx_word' id='word_1_109' title='bbox 540 2083 712 2141; x_wconf 80' lang='lat' dir='ltr'><strong>iucundius</strong></span> <span class='ocrx_word' id='word_1_110' title='bbox 758 2083 847 2158; x_wconf 78' lang='lat' dir='ltr'><strong>Quod</strong></span> <span class='ocrx_word' id='word_1_111' title='bbox 869 2084 1018 2159; x_wconf 91' lang='lat' dir='ltr'><strong>reliquum</strong></span> <span class='ocrx_word' id='word_1_112' title='bbox 1037 2091 1095 2155; x_wconf 88' lang='lat' dir='ltr'><strong>est,</strong></span> <span class='ocrx_word' id='word_1_113' title='bbox 1112 2085 1208 2143; x_wconf 91' lang='lat' dir='ltr'><strong>multo</strong></span> 
     </span>
     <span class='ocr_line' id='line_1_17' title="bbox 212 2183 1208 2259; baseline 0 -18"><span class='ocrx_word' id='word_1_114' title='bbox 212 2184 304 2241; x_wconf 85' lang='lat' dir='ltr'><strong>etiam</strong></span> <span class='ocrx_word' id='word_1_115' title='bbox 320 2183 377 2240; x_wconf 87' lang='lat' dir='ltr'><strong>erit</strong></span> <span class='ocrx_word' id='word_1_116' title='bbox 395 2183 524 2259; x_wconf 68' lang='lat' dir='ltr'><strong>gratiis,</strong></span> <span class='ocrx_word' id='word_1_117' title='bbox 542 2183 568 2239; x_wconf 92' lang='lat' dir='ltr'><strong>si</strong></span> <span class='ocrx_word' id='word_1_118' title='bbox 583 2183 622 2241; x_wconf 90' lang='lat' dir='ltr'><strong>ad</strong></span> <span class='ocrx_word' id='word_1_119' title='bbox 642 2201 689 2240; x_wconf 93' lang='lat' dir='ltr'><strong>me</strong></span> <span class='ocrx_word' id='word_1_120' title='bbox 704 2184 742 2241; x_wconf 91' lang='lat' dir='ltr'><strong>de</strong></span> <span class='ocrx_word' id='word_1_121' title='bbox 757 2201 789 2240; x_wconf 91' lang='lat' dir='ltr'><strong>re</strong></span> <span class='ocrx_word' id='word_1_122' title='bbox 811 2183 943 2257; x_wconf 87' lang='lat' dir='ltr'><strong>publica,</strong></span> <span class='ocrx_word' id='word_1_123' title='bbox 961 2184 1054 2240; x_wconf 89' lang='lat' dir='ltr'><strong>idest</strong></span> <span class='ocrx_word' id='word_1_124' title='bbox 1071 2185 1109 2241; x_wconf 91' lang='lat' dir='ltr'><strong>de</strong></span> <span class='ocrx_word' id='word_1_125' title='bbox 1124 2191 1208 2241; x_wconf 88' lang='lat' dir='ltr'><strong>statu</strong></span> 
     </span>
     <span class='ocr_line' id='line_1_18' title="bbox 211 2280 1207 2356; baseline 0.002 -19"><span class='ocrx_word' id='word_1_126' title='bbox 211 2281 398 2356; x_wconf 88' lang='lat' dir='ltr'><strong>provinciae,</strong></span> <span class='ocrx_word' id='word_1_127' title='bbox 425 2281 463 2337; x_wconf 92' lang='lat' dir='ltr'><strong>de</strong></span> <span class='ocrx_word' id='word_1_128' title='bbox 488 2280 636 2337; x_wconf 90' lang='lat' dir='ltr'><strong>institutis</strong></span> <span class='ocrx_word' id='word_1_129' title='bbox 662 2281 723 2338; x_wconf 89' lang='lat' dir='ltr'><strong>tuis</strong></span> <span class='ocrx_word' id='word_1_130' title='bbox 749 2281 940 2338; x_wconf 84' lang='lat' dir='ltr'><strong>familiariter</strong></span> <span class='ocrx_word' id='word_1_131' title='bbox 965 2281 1098 2351; x_wconf 81' lang='lat' dir='ltr'><strong>scribes3</strong></span> <span class='ocrx_word' id='word_1_132' title='bbox 1130 2300 1207 2355; x_wconf 85' lang='lat' dir='ltr'><strong>quae</strong></span> 
     </span>
     <span class='ocr_line' id='line_1_19' title="bbox 212 2377 1260 2455; baseline 0.003 -21"><span class='ocrx_word' id='word_1_133' title='bbox 212 2396 395 2455; x_wconf 89' lang='lat' dir='ltr'><strong>quamquam</strong></span> <span class='ocrx_word' id='word_1_134' title='bbox 420 2396 460 2434; x_wconf 86' lang='lat' dir='ltr'><strong>ex</strong></span> <span class='ocrx_word' id='word_1_135' title='bbox 488 2377 590 2435; x_wconf 89' lang='lat' dir='ltr'><strong>multis</strong></span> <span class='ocrx_word' id='word_1_136' title='bbox 619 2396 675 2452; x_wconf 90' lang='lat' dir='ltr'><strong>pro</strong></span> <span class='ocrx_word' id='word_1_137' title='bbox 699 2383 753 2436; x_wconf 86' lang='lat' dir='ltr'><strong>tua</strong></span> <span class='ocrx_word' id='word_1_138' title='bbox 777 2378 916 2435; x_wconf 88' lang='lat' dir='ltr'><strong>claritate</strong></span> <span class='ocrx_word' id='word_1_139' title='bbox 945 2380 1078 2448; x_wconf 85' lang='lat' dir='ltr'><strong>audiam,</strong></span> <span class='ocrx_word' id='word_1_140' title='bbox 1105 2384 1260 2437; x_wconf 83' lang='lat' dir='ltr'><strong>tamen15</strong></span> 
     </span>
     <span class='ocr_line' id='line_1_20' title="bbox 211 2475 1206 2553; baseline 0.001 -21"><span class='ocrx_word' id='word_1_141' title='bbox 211 2475 412 2533; x_wconf 83' lang='lat' dir='ltr'><strong>libentissime</strong></span> <span class='ocrx_word' id='word_1_142' title='bbox 428 2493 467 2531; x_wconf 88' lang='lat' dir='ltr'><strong>ex</strong></span> <span class='ocrx_word' id='word_1_143' title='bbox 484 2476 545 2531; x_wconf 90' lang='lat' dir='ltr'><strong>tuis</strong></span> <span class='ocrx_word' id='word_1_144' title='bbox 566 2475 676 2532; x_wconf 89' lang='lat' dir='ltr'><strong>litteris</strong></span> <span class='ocrx_word' id='word_1_145' title='bbox 696 2493 891 2550; x_wconf 84' lang='lat' dir='ltr'><strong>cognoscam.</strong></span> <span class='ocrx_word' id='word_1_146' title='bbox 941 2475 990 2553; x_wconf 73' lang='lat'><strong>(2)</strong></span> <span class='ocrx_word' id='word_1_147' title='bbox 1017 2477 1085 2552; x_wconf 87' lang='lat' dir='ltr'><strong>Ego</strong></span> <span class='ocrx_word' id='word_1_148' title='bbox 1104 2477 1142 2533; x_wconf 92' lang='lat' dir='ltr'><strong>ad</strong></span> <span class='ocrx_word' id='word_1_149' title='bbox 1163 2482 1206 2547; x_wconf 89' lang='lat' dir='ltr'><strong>te,</strong></span> 
     </span>
     <span class='ocr_line' id='line_1_21' title="bbox 212 2572 1207 2647; baseline -0.001 -16"><span class='ocrx_word' id='word_1_150' title='bbox 212 2574 250 2631; x_wconf 93' lang='lat' dir='ltr'><strong>de</strong></span> <span class='ocrx_word' id='word_1_151' title='bbox 271 2574 314 2630; x_wconf 89' lang='lat' dir='ltr'><strong>rei</strong></span> <span class='ocrx_word' id='word_1_152' title='bbox 336 2572 475 2647; x_wconf 87' lang='lat' dir='ltr'><strong>publicae</strong></span> <span class='ocrx_word' id='word_1_153' title='bbox 498 2590 615 2629; x_wconf 86' lang='lat' dir='ltr'><strong>summa</strong></span> <span class='ocrx_word' id='word_1_154' title='bbox 633 2573 707 2646; x_wconf 92' lang='lat' dir='ltr'><strong>quid</strong></span> <span class='ocrx_word' id='word_1_155' title='bbox 729 2573 871 2640; x_wconf 89' lang='lat' dir='ltr'><strong>sentiam,</strong></span> <span class='ocrx_word' id='word_1_156' title='bbox 888 2590 949 2629; x_wconf 92' lang='lat' dir='ltr'><strong>non</strong></span> <span class='ocrx_word' id='word_1_157' title='bbox 970 2592 1062 2647; x_wconf 87' lang='lat' dir='ltr'><strong>saepe</strong></span> <span class='ocrx_word' id='word_1_158' title='bbox 1077 2574 1207 2631; x_wconf 89' lang='lat' dir='ltr'><strong>scribam</strong></span> 
     </span>
     <span class='ocr_line' id='line_1_22' title="bbox 213 2670 1209 2746; baseline 0 -19"><span class='ocrx_word' id='word_1_159' title='bbox 213 2677 338 2746; x_wconf 86' lang='lat' dir='ltr'><strong>propter</strong></span> <span class='ocrx_word' id='word_1_160' title='bbox 366 2670 531 2744; x_wconf 86' lang='lat' dir='ltr'><strong>periculum</strong></span> <span class='ocrx_word' id='word_1_161' title='bbox 560 2670 625 2727; x_wconf 89' lang='lat' dir='ltr'><strong>eius</strong></span> <span class='ocrx_word' id='word_1_162' title='bbox 654 2672 737 2727; x_wconf 91' lang='lat' dir='ltr'><strong>modi</strong></span> <span class='ocrx_word' id='word_1_163' title='bbox 771 2670 960 2740; x_wconf 67' lang='lat' dir='ltr'><strong>litterarum</strong></span> <span class='ocrx_word' id='word_1_164' title='bbox 996 2672 1068 2744; x_wconf 88' lang='lat' dir='ltr'><strong>quid</strong></span> <span class='ocrx_word' id='word_1_165' title='bbox 1100 2678 1209 2746; x_wconf 86' lang='lat' dir='ltr'><strong>agatur</strong></span> 
     </span>
     <span class='ocr_line' id='line_1_23' title="bbox 213 2766 1205 2843; baseline -0.002 -17"><span class='ocrx_word' id='word_1_166' title='bbox 213 2775 326 2830; x_wconf 75' lang='lat' dir='ltr'><strong>autem.</strong></span> <span class='ocrx_word' id='word_1_167' title='bbox 343 2769 474 2825; x_wconf 87' lang='lat' dir='ltr'><strong>scribam</strong></span> <span class='ocrx_word' id='word_1_168' title='bbox 489 2768 623 2841; x_wconf 74' lang='lat' dir='ltr'><strong>saepius,</strong></span> <span class='ocrx_word' id='word_1_169' title='bbox 669 2767 798 2843; x_wconf 86' lang='lat' dir='ltr'><strong>Sperara</strong></span> <span class='ocrx_word' id='word_1_170' title='bbox 819 2773 921 2825; x_wconf 87' lang='lat' dir='ltr'><strong>tamen</strong></span> <span class='ocrx_word' id='word_1_171' title='bbox 936 2768 1052 2836; x_wconf 87' lang='lat' dir='ltr'><strong>videor,</strong></span> <span class='ocrx_word' id='word_1_172' title='bbox 1069 2766 1205 2838; x_wconf 85' lang='lat' dir='ltr'><strong>Caesari,</strong></span> 
     </span>
     <span class='ocr_line' id='line_1_24' title="bbox 212 2860 1261 2941; baseline -0.004 -16"><span class='ocrx_word' id='word_1_173' title='bbox 212 2866 347 2941; x_wconf 87' lang='lat' dir='ltr'><strong>collegae</strong></span> <span class='ocrx_word' id='word_1_174' title='bbox 368 2860 484 2935; x_wconf 85' lang='lat' dir='ltr'><strong>nostro,</strong></span> <span class='ocrx_word' id='word_1_175' title='bbox 502 2866 568 2922; x_wconf 84' lang='lat' dir='ltr'><strong>lore</strong></span> <span class='ocrx_word' id='word_1_176' title='bbox 584 2882 673 2922; x_wconf 88' lang='lat' dir='ltr'><strong>curae</strong></span> <span class='ocrx_word' id='word_1_177' title='bbox 689 2871 721 2922; x_wconf 92' lang='lat' dir='ltr'><strong>et</strong></span> <span class='ocrx_word' id='word_1_178' title='bbox 740 2884 818 2935; x_wconf 88' lang='lat' dir='ltr'><strong>esse,</strong></span> <span class='ocrx_word' id='word_1_179' title='bbox 836 2872 870 2923; x_wconf 90' lang='lat' dir='ltr'><strong>ut</strong></span> <span class='ocrx_word' id='word_1_180' title='bbox 889 2867 1056 2922; x_wconf 86' lang='lat' dir='ltr'><strong>habeamus</strong></span> <span class='ocrx_word' id='word_1_181' title='bbox 1076 2866 1207 2938; x_wconf 87' lang='lat' dir='ltr'><strong>aliquam</strong></span> <span class='ocrx_word' id='word_1_182' title='bbox 1222 2872 1261 2922; x_wconf 85' lang='lat'><strong>20</strong></span> 
     </span>
     <span class='ocr_line' id='line_1_25' title="bbox 211 2961 1207 3040; baseline -0.003 -18"><span class='ocrx_word' id='word_1_183' title='bbox 211 2983 276 3022; x_wconf 92' lang='lat' dir='ltr'><strong>rem</strong></span> <span class='ocrx_word' id='word_1_184' title='bbox 297 2965 460 3039; x_wconf 89' lang='lat' dir='ltr'><strong>publicam,</strong></span> <span class='ocrx_word' id='word_1_185' title='bbox 483 2964 567 3021; x_wconf 89' lang='lat' dir='ltr'><strong>cuius</strong></span> <span class='ocrx_word' id='word_1_186' title='bbox 590 2963 725 3021; x_wconf 90' lang='lat' dir='ltr'><strong>consiliis</strong></span> <span class='ocrx_word' id='word_1_187' title='bbox 745 2961 867 3040; x_wconf 79' lang='lat' dir='ltr'><strong>⁶magni</strong></span> <span class='ocrx_word' id='word_1_188' title='bbox 888 2964 1043 3021; x_wconf 84' lang='lat' dir='ltr'><strong>referebat</strong></span> <span class='ocrx_word' id='word_1_189' title='bbox 1064 2968 1093 3021; x_wconf 89' lang='lat' dir='ltr'><strong>to</strong></span> <span class='ocrx_word' id='word_1_190' title='bbox 1115 2964 1207 3021; x_wconf 91' lang='lat' dir='ltr'><strong>inter-</strong></span> 
     </span>
     <span class='ocr_line' id='line_1_26' title="bbox 212 3061 1207 3139; baseline -0.003 -19"><span class='ocrx_word' id='word_1_191' title='bbox 212 3081 298 3120; x_wconf 87' lang='lat' dir='ltr'><strong>esse:</strong></span> <span class='ocrx_word' id='word_1_192' title='bbox 322 3064 388 3129; x_wconf 88' lang='lat' dir='ltr'><strong>scd,</strong></span> <span class='ocrx_word' id='word_1_193' title='bbox 405 3063 432 3119; x_wconf 91' lang='lat' dir='ltr'><strong>si</strong></span> <span class='ocrx_word' id='word_1_194' title='bbox 447 3062 502 3118; x_wconf 90' lang='lat' dir='ltr'><strong>tibi</strong></span> <span class='ocrx_word' id='word_1_195' title='bbox 517 3061 694 3132; x_wconf 87' lang='lat' dir='ltr'><strong>utilius&#39;est,</strong></span> <span class='ocrx_word' id='word_1_196' title='bbox 712 3063 743 3121; x_wconf 91' lang='lat' dir='ltr'><strong>id</strong></span> <span class='ocrx_word' id='word_1_197' title='bbox 759 3068 806 3120; x_wconf 86' lang='lat' dir='ltr'><strong>est</strong></span> <span class='ocrx_word' id='word_1_198' title='bbox 820 3063 994 3139; x_wconf 86' lang='lat' dir='ltr'><strong>gloriosius,</strong></span> <span class='ocrx_word' id='word_1_199' title='bbox 1011 3062 1106 3118; x_wconf 88' lang='lat' dir='ltr'><strong>Asiae</strong></span> <span class='ocrx_word' id='word_1_200' title='bbox 1122 3079 1207 3134; x_wconf 89' lang='lat' dir='ltr'><strong>prae-</strong></span> 
     </span>
     <span class='ocr_line' id='line_1_27' title="bbox 213 3156 1205 3235; baseline -0.003 -17"><span class='ocrx_word' id='word_1_201' title='bbox 213 3180 280 3219; x_wconf 88' lang='lat' dir='ltr'><strong>esse</strong></span> <span class='ocrx_word' id='word_1_202' title='bbox 303 3168 333 3218; x_wconf 82' lang='lat' dir='ltr'><strong>st</strong></span> <span class='ocrx_word' id='word_1_203' title='bbox 354 3163 444 3219; x_wconf 89' lang='lat' dir='ltr'><strong>istam</strong></span> <span class='ocrx_word' id='word_1_204' title='bbox 467 3168 583 3235; x_wconf 87' lang='lat' dir='ltr'><strong>partem</strong></span> <span class='ocrx_word' id='word_1_205' title='bbox 605 3161 649 3218; x_wconf 88' lang='lat' dir='ltr'><strong>rei</strong></span> <span class='ocrx_word' id='word_1_206' title='bbox 671 3161 810 3235; x_wconf 89' lang='lat' dir='ltr'><strong>publicae</strong></span> <span class='ocrx_word' id='word_1_207' title='bbox 832 3160 910 3217; x_wconf 88' lang='lat' dir='ltr'><strong>male</strong></span> <span class='ocrx_word' id='word_1_208' title='bbox 924 3156 1097 3216; x_wconf 82' lang='lat' dir='ltr'><strong>6adfectam</strong></span> <span class='ocrx_word' id='word_1_209' title='bbox 1116 3159 1205 3227; x_wconf 90' lang='lat' dir='ltr'><strong>tueri,</strong></span> 
     </span>
     <span class='ocr_line' id='line_1_28' title="bbox 212 3257 1205 3334; baseline -0.004 -18"><span class='ocrx_word' id='word_1_210' title='bbox 212 3260 286 3317; x_wconf 87' lang='lat' dir='ltr'><strong>milri</strong></span> <span class='ocrx_word' id='word_1_211' title='bbox 300 3278 420 3334; x_wconf 86' lang='lat' dir='ltr'><strong>quoque</strong></span> <span class='ocrx_word' id='word_1_212' title='bbox 436 3260 526 3330; x_wconf 86' lang='lat' dir='ltr'><strong>idem,</strong></span> <span class='ocrx_word' id='word_1_213' title='bbox 544 3259 625 3334; x_wconf 92' lang='lat' dir='ltr'><strong>quod</strong></span> <span class='ocrx_word' id='word_1_214' title='bbox 640 3259 696 3317; x_wconf 92' lang='lat' dir='ltr'><strong>tibi</strong></span> <span class='ocrx_word' id='word_1_215' title='bbox 711 3263 743 3316; x_wconf 90' lang='lat' dir='ltr'><strong>et</strong></span> <span class='ocrx_word' id='word_1_216' title='bbox 757 3257 839 3314; x_wconf 91' lang='lat' dir='ltr'><strong>laudi</strong></span> <span class='ocrx_word' id='word_1_217' title='bbox 854 3263 925 3314; x_wconf 89' lang='lat' dir='ltr'><strong>tuae</strong></span> <span class='ocrx_word' id='word_1_218' title='bbox 940 3258 1132 3330; x_wconf 87' lang='lat' dir='ltr'><strong>profuturam</strong></span> <span class='ocrx_word' id='word_1_219' title='bbox 1147 3261 1205 3326; x_wconf 89' lang='lat' dir='ltr'><strong>est,</strong></span> 
     </span>
    </p>
   </div>
   <div class='ocr_carea' id='block_1_6' title="bbox 277 3423 1192 3899">
    <p class='ocr_par' dir='ltr' id='par_1_6' title="bbox 278 3423 687 3487">
     <span class='ocr_line' id='line_1_29' title="bbox 278 3423 687 3487; baseline -0.007 -14"><span class='ocrx_word' id='word_1_220' title='bbox 278 3423 285 3452; x_wconf 88' lang='lat'>¹</span> <span class='ocrx_word' id='word_1_221' title='bbox 298 3425 367 3483; x_wconf 86' lang='lat' dir='ltr'><strong>indo,</strong></span> <span class='ocrx_word' id='word_1_222' title='bbox 379 3441 408 3472; x_wconf 85' lang='lat' dir='ltr'><strong>os</strong></span> <span class='ocrx_word' id='word_1_223' title='bbox 421 3424 448 3487; x_wconf 69' lang='lat' dir='ltr'><strong>tf</strong></span> <span class='ocrx_word' id='word_1_224' title='bbox 453 3440 485 3472; x_wconf 89' lang='lat' dir='ltr'><strong>ex</strong></span> <span class='ocrx_word' id='word_1_225' title='bbox 498 3431 615 3485; x_wconf 83' lang='lat' dir='ltr'><strong>ternpore</strong></span> <span class='ocrx_word' id='word_1_226' title='bbox 628 3438 687 3485; x_wconf 91' lang='lat' dir='ltr'><strong>quo.</strong></span> 
     </span>
    </p>

    <p class='ocr_par' dir='ltr' id='par_1_7' title="bbox 277 3500 1087 3638">
     <span class='ocr_line' id='line_1_30' title="bbox 277 3500 1087 3569; baseline -0.005 -14"><span class='ocrx_word' id='word_1_227' title='bbox 277 3506 288 3539; x_wconf 72' lang='lat'>²</span> <span class='ocrx_word' id='word_1_228' title='bbox 300 3507 486 3569; x_wconf 83' lang='lat' dir='ltr'><strong>gratissimum,</strong></span> <span class='ocrx_word' id='word_1_229' title='bbox 499 3504 627 3569; x_wconf 75' lang='lat' dir='ltr'><strong>sornelhinp</strong></span> <span class='ocrx_word' id='word_1_230' title='bbox 639 3513 662 3552; x_wconf 82' lang='lat' dir='ltr'><strong>to</strong></span> <span class='ocrx_word' id='word_1_231' title='bbox 674 3504 744 3552; x_wconf 85' lang='lat' dir='ltr'><strong>draw</strong></span> <span class='ocrx_word' id='word_1_232' title='bbox 752 3502 821 3568; x_wconf 77' lang='lat' dir='ltr'><strong>sorti</strong></span> <span class='ocrx_word' id='word_1_233' title='bbox 832 3500 957 3567; x_wconf 66' lang='lat' dir='ltr'><strong>gratitudo</strong></span> <span class='ocrx_word' id='word_1_234' title='bbox 962 3502 1031 3566; x_wconf 87' lang='lat' dir='ltr'><strong>from</strong></span> <span class='ocrx_word' id='word_1_235' title='bbox 1044 3519 1087 3552; x_wconf 86' lang='lat' dir='ltr'><strong>me.</strong></span> 
     </span>
     <span class='ocr_line' id='line_1_31' title="bbox 277 3587 1070 3638; baseline -0.006 0"><span class='ocrx_word' id='word_1_236' title='bbox 277 3588 452 3638; x_wconf 82' lang='lat' dir='ltr'><strong>8adiumento</strong></span> <span class='ocrx_word' id='word_1_237' title='bbox 465 3612 489 3632; x_wconf 87' lang='lat'><strong><em>=</em></strong></span> <span class='ocrx_word' id='word_1_238' title='bbox 502 3589 609 3637; x_wconf 87' lang='lat' dir='ltr'><strong>auxilio.</strong></span> <span class='ocrx_word' id='word_1_239' title='bbox 646 3588 702 3638; x_wconf 87' lang='lat' dir='ltr'><strong>Sibi</strong></span> <span class='ocrx_word' id='word_1_240' title='bbox 716 3624 722 3635; x_wconf 86' lang='lat'><strong>.</strong></span> <span class='ocrx_word' id='word_1_241' title='bbox 737 3625 742 3636; x_wconf 94' lang='lat'>.</span> <span class='ocrx_word' id='word_1_242' title='bbox 755 3622 761 3634; x_wconf 88' lang='lat'><strong>.</strong></span> <span class='ocrx_word' id='word_1_243' title='bbox 774 3588 940 3637; x_wconf 84' lang='lat' dir='ltr'><strong>adiumento:</strong></span> <span class='ocrx_word' id='word_1_244' title='bbox 959 3587 1070 3637; x_wconf 77' lang='lat' dir='ltr'><strong>Dutires.</strong></span> 
     </span>
    </p>

    <p class='ocr_par' dir='ltr' id='par_1_8' title="bbox 278 3668 1192 3816">
     <span class='ocr_line' id='line_1_32' title="bbox 278 3668 1192 3733; baseline -0.003 -13"><span class='ocrx_word' id='word_1_245' title='bbox 278 3672 289 3704; x_wconf 79' lang='lat'><strong>⁴</strong></span> <span class='ocrx_word' id='word_1_246' title='bbox 301 3672 476 3733; x_wconf 84' lang='lat' dir='ltr'><strong>significabas,</strong></span> <span class='ocrx_word' id='word_1_247' title='bbox 489 3678 546 3729; x_wconf 79' lang='lat' dir='ltr'><strong>etc,</strong></span> <span class='ocrx_word' id='word_1_248' title='bbox 559 3693 583 3712; x_wconf 68' lang='grc' dir='ltr'><strong><em>π</em></strong></span> <span class='ocrx_word' id='word_1_249' title='bbox 596 3670 678 3718; x_wconf 87' lang='lat' dir='ltr'><strong>habes</strong></span> <span class='ocrx_word' id='word_1_250' title='bbox 691 3670 718 3717; x_wconf 90' lang='lat' dir='ltr'><strong>in</strong></span> <span class='ocrx_word' id='word_1_251' title='bbox 731 3675 819 3718; x_wconf 88' lang='lat' dir='ltr'><strong>mente</strong></span> <span class='ocrx_word' id='word_1_252' title='bbox 831 3676 948 3718; x_wconf 88' lang='lat' dir='ltr'><strong>nostram</strong></span> <span class='ocrx_word' id='word_1_253' title='bbox 963 3668 1192 3718; x_wconf 87' lang='lat' dir='ltr'><strong>necessitudinem.</strong></span> 
     </span>
     <span class='ocr_line' id='line_1_33' title="bbox 278 3749 799 3816; baseline -0.01 -14"><span class='ocrx_word' id='word_1_254' title='bbox 278 3752 289 3786; x_wconf 77' lang='lat'><strong>⁶</strong></span> <span class='ocrx_word' id='word_1_255' title='bbox 300 3754 397 3816; x_wconf 89' lang='lat' dir='ltr'><strong>magni.</strong></span> <span class='ocrx_word' id='word_1_256' title='bbox 426 3752 535 3801; x_wconf 79' lang='lat' dir='ltr'><strong>Genitiue</strong></span> <span class='ocrx_word' id='word_1_257' title='bbox 549 3752 711 3816; x_wconf 77' lang='lat' dir='ltr'><strong>ofr&#39;adefiaite</strong></span> <span class='ocrx_word' id='word_1_258' title='bbox 723 3749 799 3799; x_wconf 81' lang='lat' dir='ltr'><strong>valae.</strong></span> 
     </span>
    </p>

    <p class='ocr_par' dir='ltr' id='par_1_9' title="bbox 278 3832 948 3899">
     <span class='ocr_line' id='line_1_34' title="bbox 278 3832 948 3899; baseline -0.001 -14"><span class='ocrx_word' id='word_1_259' title='bbox 278 3834 443 3892; x_wconf 65' lang='lat' dir='ltr'><strong>laureatam,</strong></span> <span class='ocrx_word' id='word_1_260' title='bbox 455 3850 483 3883; x_wconf 84' lang='lat' dir='ltr'><strong>as</strong></span> <span class='ocrx_word' id='word_1_261' title='bbox 496 3835 523 3899; x_wconf 81' lang='lat' dir='ltr'><strong>is</strong></span> <span class='ocrx_word' id='word_1_262' title='bbox 533 3834 746 3882; x_wconf 86' lang='lat' dir='ltr'><strong>administratam</strong></span> <span class='ocrx_word' id='word_1_263' title='bbox 758 3833 783 3880; x_wconf 84' lang='lat' dir='ltr'><strong>ia</strong></span> <span class='ocrx_word' id='word_1_264' title='bbox 796 3849 812 3880; x_wconf 89' lang='lat' dir='ltr'><strong>a</strong></span> <span class='ocrx_word' id='word_1_265' title='bbox 824 3832 874 3881; x_wconf 84' lang='lat' dir='ltr'><strong>bad</strong></span> <span class='ocrx_word' id='word_1_266' title='bbox 885 3849 948 3899; x_wconf 79' lang='lat' dir='ltr'><strong>way.</strong></span> 
     </span>
    </p>
   </div>
   <div class='ocr_carea' id='block_1_7' title="bbox 0 0 1416 4300">
    <p class='ocr_par' dir='ltr' id='par_1_10' title="bbox 0 0 1416 4300">
     <span class='ocr_line' id='line_1_35' title="bbox 0 0 1416 4300; baseline 0 0"><span class='ocrx_word' id='word_1_267' title='bbox 0 0 1416 4300; x_wconf 95' lang='lat' dir='ltr'><strong> </strong></span> 
     </span>
    </p>
   </div>
  </div>
 </body>
</html>
