2817 4300
525 391 691 456 vnnem’s
715 408 851 456 anunm.

237 583 337 658 poscit
350 598 445 656 equos
460 584 552 654 atque
566 557 756 636 armasimul
770 579 909 654 saltuque
925 581 1073 656 superbus

238 679 364 737 ¹emioat
378 680 409 735 in
424 695 544 736 currum
559 683 591 733 et
604 677 746 733 manibus
761 673 899 735 2ιηοΙίῐυι·
914 679 1060 736 habenas.

238 777 337 834 Multa
350 774 464 832 ³virum
479 775 612 832 volitans
627 775 682 831 dat
695 775 787 832 fortia
802 793 929 849 corpora
943 776 1031 846 Leto,

238 875 405 932 semineces
420 873 518 930 volvit
531 872 644 929 multos
659 877 713 928 aut
728 872 850 948 agmina
864 891 952 930 orrrru

236 971 381 1046 ⁴proterit
395 977 448 1028 aut
461 967 586 1044 ⁵raptas
601 969 791 1045 fugientibus
805 971 916 1047 ingerit
930 972 1046 1029 hastas.
1156 980 1213 1030 330

237 1069 365 1142 ‘Qualis
377 1069 462 1143 apud
476 1068 568 1143 gelidi
584 1085 652 1126 eum
666 1067 791 1125 flumina
805 1064 958 1126 ⁶ooneitus
973 1070 1070 1126 Hebri

238 1167 424 1243 sanguineus
438 1166 565 1222 Mavors
580 1165 679 1239 clipeo
694 1166 833 1240 increpat
848 1171 939 1240 atque
955 1167 1085 1224 furentis

237 1265 318 1322 bella
332 1281 459 1322 movens
471 1264 608 1320 immittit
622 1281 736 1338 equos;
753 1264 796 1320 illi
811 1282 942 1338 aequore
964 1270 1071 1338 aperto

238 1368 308 1419 ante
323 1362 424 1419 Notos
438 1362 671 1437 Zephyrumque
685 1361 810 1424 volant:
826 1363 920 1437 gemit
935 1362 1042 1419 ultima
1056 1363 1144 1436 pulsu

238 1461 357 1517 Thraca
372 1460 503 1533 pedum;
520 1459 692 1532 circumque
709 1465 793 1518 atrae
809 1460 992 1517 Formidinis
1007 1477 1061 1518 ora
1156 1468 1212 1518 335

239 1559 366 1632 Iraeque
381 1557 589 1630 Insidiaeque,
606 1557 655 1614 dei
670 1558 845 1627 comitatae,
863 1563 1012 1632 aguntur:

238 1655 308 1712 talis
322 1673 417 1728 equos
434 1655 534 1712 alacer
549 1655 649 1711 media
663 1654 742 1711 inter
757 1654 873 1728 proelia
891 1656 1014 1712 Turnus

237 1750 402 1810 ⁷fumantis
417 1753 527 1809 sudore
543 1753 650 1825 quatit,
666 1752 837 1809 miserabile
852 1753 950 1809 caesis

239 1851 377 1907 hostibus
392 1850 545 1907 insultans
557 1869 563 1918 3
580 1850 698 1925 spargit
712 1849 820 1923 rapida
835 1849 949 1925 ungula
962 1845 1062 1908 8rores

239 1948 436 2024 sanguineos,
453 1948 610 2021 mixtaque
626 1964 715 2004 eruor
728 1943 880 2004 ”calcatur
894 1965 996 2004 arena.
1156 1955 1214 2005 340

239 2046 365 2118 Iamque
381 2046 447 2102 neci
463 2044 700 2118 Sthenelumque
716 2045 801 2101 dedit
815 2044 1061 2120 Thamyrumque
1075 2046 1152 2101 Pho-

278 2142 410 2217 lumque,

237 2241 317 2297 hune
331 2258 515 2316 congressus
529 2246 562 2297 et
574 2241 666 2309 hune,
683 2240 768 2297 illum
782 2236 802 2271 ¹⁰
808 2240 944 2308 eminus;
961 2240 1079 2297 eminus
1095 2242 1184 2297 ambo

238 2338 438 2407 ImbrasidaS,
455 2337 606 2395 Glaucum
622 2344 713 2411 atque
729 2338 845 2407 Laden,
863 2356 940 2412 quos
955 2339 1112 2395 Imbrasus
1129 2339 1193 2411 ipse

238 2436 386 2492 nutrierat
400 2436 495 2511 Lycia
509 2435 693 2509 paribusque
710 2442 872 2493 ornaverat
887 2437 991 2506 armis,

237 2528 313 2589 11vel
328 2534 469 2589 conferre
483 2550 607 2588 manum
622 2532 670 2589 vel
685 2549 764 2605 equo
778 2540 971 2606 praevertere
988 2539 1107 2590 ventos.
1155 2540 1212 2589 345

288 2736 322 2786 Α.
341 2738 433 2798 Qualis
446 2752 506 2785 cum
519 2738 638 2786 concitus
650 2737 732 2798 gelidi
744 2738 826 2785 Hebri
838 2738 947 2801 increpat
958 2738 1074 2810 flumina.

206 2924 216 2957 ¹
228 2925 332 2985 emicat,
344 2926 447 2990 sprinps.

206 3008 216 3036 ²
227 3008 349 3057 molitur:
366 3009 396 3072 by
408 3024 470 3057 rome
482 3008 505 3057 is
517 3007 589 3057 made
600 3006 638 3057 tlte
649 3024 715 3056 same
727 3024 757 3055 as
769 3009 836 3070 regit
843 3024 849 3067 ;
868 3009 896 3073 by
909 3007 993 3068 others,
1005 3017 1102 3059 movet.

205 3088 216 3118 ³
227 3090 312 3138 virum
324 3112 349 3133 =
362 3091 485 3139 virorum.

205 3172 216 3205 ⁴
228 3173 375 3235 proterit:
388 3174 489 3223 sternit.
497 3174 648 3221 -Ruinua

205 3252 217 3287 ⁶
228 3261 333 3317 raptas:
350 3254 439 3321 simply
451 3262 593 3317 correptas.
628 3254 716 3304 Curru
727 3261 819 3304 vectus
831 3269 883 3303 non
895 3260 1000 3317 poterat
1017 3256 1107 3305 hastas
1125 3272 1139 3305 e
1158 3257 1213 3304 vul-

161 3339 268 3388 neribus
281 3339 390 3387 eduetas
402 3344 429 3387 et
440 3346 530 3400 raptas
542 3338 796 3400 jacere-Hirrus.

205 3421 216 3454 ⁶
228 3424 355 3482 concitus,
367 3421 403 3469 the
416 3421 575 3485 impetuositp,
587 3419 652 3469 rusb.

204 3503 355 3554 ⁷Iumantis
368 3505 476 3554 sudore:
495 3502 550 3551 will
563 3518 652 3565 equos,
664 3501 681 3552 l.
693 3500 750 3552 337.

205 3585 299 3637 ⁸rores
312 3588 506 3649 sanguineos:
520 3601 646 3634 cruorem.

205 3667 217 3702 ⁰
228 3670 355 3729 calcatur,
367 3670 389 3717 is
400 3668 529 3732 trampled.

193 3750 216 3786 ¹⁰
227 3752 329 3801 emmus
344 3755 377 3813 (a,
391 3754 506 3815 manus),
518 3759 600 3815 spart.

194 3832 216 3869 ¹¹
228 3835 272 3884 vel
285 3871 290 3882 .
304 3871 309 3882 .
323 3870 328 3880 .
341 3835 393 3884 rel.
430 3833 503 3883 These
516 3842 561 3881 two
571 3832 664 3881 clauses
676 3849 720 3881 are
732 3832 757 3879 in
769 3832 905 3895 appositiva
918 3831 973 3882 wia
986 3834 1074 3888 armis,
1086 3832 1102 3881 l.
1115 3832 1171 3881 344.
