2817 4300
447 419 626 501 nxrnorrs
650 421 696 466 cn
721 419 963 468 anfflnnnu.
1184 408 1225 472 35
1265 431 1272 438 ’

173 594 299 646 nostrae
322 589 505 665 praelongae
534 595 565 646 et
592 589 712 646 validae
741 585 817 645 1non
849 590 924 647 alias
953 592 1051 668 magis
1081 594 1171 666 quarn

174 687 323 743 adversus
350 686 465 755 beluas,
488 692 682 759 rectoresque
708 704 810 742 earum
833 687 900 743 usui
922 705 989 745 csse
1014 696 1167 762 poterunt.

173 781 346 839 Deturbate
372 800 435 852 eoa,
459 783 510 856 qui
530 784 692 847 vehuntur,
713 789 745 840 et
765 784 849 858 ipsas
874 781 1060 843 ²confodite.
1105 790 1169 845 An-

174 897 247 953 ceps
262 897 359 954 genus
375 879 480 936 auxilii
495 886 553 950 est,
570 885 601 938 ct
622 881 653 936 in
669 898 742 938 suos
757 881 855 938 acrius
870 883 954 939 furit.
999 885 1035 941 In
1051 886 1171 943 hostem

174 977 256 1034 enirn
281 978 418 1050 imperio,
449 977 480 1034 in
502 996 574 1035 suos
596 996 710 1052 pavore
735 979 867 1054 agitur.'’
920 980 1167 1055 Haeclocutus,
1206 994 1223 1041 5

174 1075 309 1133 concitat
337 1092 445 1148 equum
475 1075 599 1149 primns.
641 1075 772 1148 Jamque
802 1076 852 1153 (ut
879 1078 1064 1135 destinatum
1086 1080 1165 1157 erat)

174 1172 330 1229 invaserat
338 1173 460 1230 ordines
472 1173 617 1243 hostiurn,
629 1174 696 1230 cum
707 1171 829 1230 Coenus
841 1175 958 1250 ingenti
967 1177 997 1232 vi
1009 1177 1039 1233 iu
1050 1177 1170 1235 laevum

174 1287 268 1326 cornu
282 1269 445 1326 invehitur.
490 1270 631 1326 Phalanx
643 1287 763 1343 quoque
774 1272 905 1328 mediam
918 1273 1063 1330 Indorum
1075 1276 1170 1332 aciem

174 1385 236 1424 uno
250 1366 365 1440 impetu
376 1367 522 1441 perrupit.
567 1367 611 1424 At
625 1369 722 1424 Porus
734 1367 794 1441 qud
805 1370 937 1441 equitem
951 1371 1053 1428 invehi
1068 1391 1170 1430 sense-

173 1469 233 1534 rat,
260 1463 366 1521 beluas
390 1465 440 1540 agi
462 1465 564 1537 jussit.
621 1463 681 1522 Sed
704 1466 836 1533 tardum,
863 1471 894 1523 ct
917 1469 993 1541 pene
1018 1470 1171 1528 immobile
1187 1480 1224 1529 10

174 1561 298 1631 animal,
323 1579 468 1635 equorum
492 1562 684 1620 velocitatem
708 1582 839 1637 aequare
864 1583 925 1621 non
948 1574 1078 1638 poterat.
1123 1571 1170 1627 Ne

175 1660 357 1735 sagittarum
385 1661 508 1733 quidem
536 1659 614 1716 ullus
640 1667 707 1717 erat
734 1662 878 1718 Barbaria
907 1681 991 1719 usus,
1051 1665 1170 1741 Quippe

174 1756 283 1832 longas
298 1763 329 1814 et
343 1775 538 1833 praegraves,
556 1757 614 1813 nisi
629 1758 714 1832 prius
729 1758 760 1813 in
775 1761 856 1814 terra
871 1765 1045 1818 statuerunt
1054 1781 1169 1832 arcum,

175 1854 256 1910 haud
281 1855 356 1910 satis
380 1854 450 1928 apte
477 1859 508 1910 ct
530 1842 687 1911 commode
713 1854 892 1929 imponunt:
924 1863 987 1914 tum
1012 1859 1103 1916 humo
1127 1860 1171 1916 lu-

175 1951 260 2008 brica
274 1956 305 2008 et
321 1950 361 2007 ob
381 1951 411 2008 id
431 1951 615 2025 impediente
631 1957 785 2021 conatum,
801 1950 979 2012 3molientes
1002 1957 1079 2013 ictus
1094 1958 1170 2014 cele·
1188 1967 1224 2016 15

175 2049 264 2106 ritate
280 2049 412 2106 hostiurn
427 2051 666 2123 occupabantur.
711 2051 795 2126 Ergb
811 2057 915 2124 spreto
930 2053 1024 2128 Regis
1043 2055 1170 2129 imperio

180 2147 277 2224 (quod
291 2147 355 2204 iere
370 2148 415 2218 fit,
432 2147 484 2205 ubi
506 2147 637 2205 turbatis
653 2147 753 2205 acrius
773 2157 872 2206 metus
887 2149 978 2223 quam
992 2153 1055 2209 dux
1078 2154 1171 2228 impe·

175 2261 242 2302 rare
257 2243 373 2320 coepit)
392 2245 520 2301 totidem
535 2250 622 2302 erant
637 2246 837 2330 imperatores
856 2252 932 2320 quot
953 2251 1076 2324 agmina
1090 2269 1171 2307 erra-

174 2342 261 2399 bant.
304 2342 394 2399 Alius
409 2344 536 2418 jungere
552 2343 659 2413 aciem,
674 2344 752 2399 alius
766 2344 920 2411 dividere3
944 2352 1025 2403 stare
1037 2348 1169 2420 quidam,

175 2444 207 2496 et
228 2439 364 2496 nonnulli
390 2440 573 2498 circumvehi
601 2445 689 2516 terga
714 2441 846 2497 hostium
870 2443 1031 2515 jubebant.
1086 2446 1170 2503 Nihil
1186 2454 1224 2504 20

173 2533 223 2594 ⁴iu
251 2538 384 2594 medium
412 2538 638 2595 consulebatur.
696 2539 793 2595 Porus
826 2543 928 2597 tamen
952 2558 1020 2598 eum
1052 2544 1168 2617 paucis,

93 2688 95 2691 ,
174 2635 283 2707 quibus
312 2640 395 2692 metu
423 2636 524 2709 potior
560 2637 662 2693 iuerat
690 2636 799 2709 pudor,
830 2637 973 2713 colligere
1001 2641 1168 2714 dispersos,
1256 2705 1258 2708 ,

173 2732 280 2789 obvius
295 2732 377 2789 hosti
392 2732 434 2789 ire
449 2733 560 2809 pergit,
578 2733 818 2807 elephantosque
833 2741 904 2792 aute
919 2754 1027 2812 agmen
1047 2756 1170 2795 suorum

173 2829 223 2905 agi
242 2830 353 2902 jubet·
383 2830 532 2906 Magnum
552 2831 670 2888 belluae
690 2829 823 2904 injecere
843 2837 998 2904 terrorem,
1016 2835 1169 2893 insolitus·
1236 2826 1239 2831 ’

172 2944 231 3001 que
247 2927 361 2984 stridor
382 2946 442 2984 nou
458 2946 552 3002 equos
568 2928 670 2997 madh,
688 2933 751 2985 tarn
773 2930 916 3003 pavidum
932 2930 972 2987 ad
986 2933 1087 2989 omnia
1105 2935 1168 2990 ani·
1184 2943 1222 2992 25

173 3025 245 3095 mal,
262 3025 317 3082 sed
333 3025 415 3093 viros,
429 3042 560 3099 quoque,
577 3026 760 3099 ordinesque
776 3028 964 3085 turbaverat.

212 3124 261 3178 48.
292 3124 313 3181 J
315 3141 365 3180 arn
389 3124 480 3199 fugae
499 3123 785 3197 circumspiciebant
802 3124 900 3181 locum
916 3126 1007 3199 paulo
1022 3128 1092 3184 aute
1108 3129 1167 3186 vic-

172 3224 264 3289 tores
282 3220 377 3279 *curn
390 3221 568 3278 Alexander
583 3221 738 3295 Agrianos
754 3227 786 3278 et
799 3222 936 3278 Thracas
950 3222 1057 3280 leviter
1071 3244 1167 3281 arma-

215 3364 247 3413 A.
271 3365 339 3414 Cum
357 3366 510 3414 Alexander
528 3366 615 3414 emisit
633 3366 659 3413 in
676 3366 777 3424 beluas,
795 3365 927 3427 Agrianos
941 3372 968 3415 et
985 3368 1109 3427 Thracas,
1127 3370 1232 3419 leviter·

171 3455 294 3508 armatos,
307 3449 418 3497 militem
431 3449 566 3497 meliorem
579 3450 787 3507 concursatione,
797 3464 876 3509 quam
889 3450 1015 3497 cominus.

334 3580 408 3630 ¹non
421 3581 495 3639 alias,
508 3581 532 3628 ia
545 3596 574 3627 ao
586 3578 651 3627 ather
663 3596 734 3645 way5
752 3588 792 3628 aot
804 3579 933 3630 otherwise.

334 3662 345 3695 2
356 3664 498 3721 confodite,
508 3663 596 3725 pierre.

333 3744 345 3777 ⁸
356 3746 494 3793 molientes
507 3745 582 3803 ictus,
595 3743 662 3792 while
671 3745 806 3809 preparin9
818 3754 841 3793 to
853 3744 924 3792 shoot.

333 3826 344 3861 4
356 3828 383 3877 in
395 3827 518 3887 medium,
531 3827 629 3875 between
642 3826 678 3876 tte
690 3835 813 3889 extremes,
825 3827 873 3887 i.e.,
886 3843 990 3876 common
997 3828 1070 3893 pond.
