2817 4300
433 353 624 440 *nxrnorrs
648 393 694 440 or
717 392 957 440 Ataxamma.
1185 379 1227 443 39

174 581 296 640 quoque
318 562 488 640 ingentium
507 563 613 638 pelles,
631 569 663 621 et
681 565 774 621 dorsa
788 565 987 622 testudinum.
1031 561 1174 623 ¹Cratero

174 663 440 736 deindeimperat
464 664 544 732 Rex,
568 663 649 721 haud
670 663 777 736 procul
798 681 899 731 amne,
923 680 1087 736 perquem
1109 669 1174 720 erat

175 761 242 834 ipse
264 761 475 836 navigaturum
493 760 598 834 copias
620 761 756 818 duceret.
800 762 863 817 Eos
885 766 998 830 autern,
1015 761 1067 834 qui
1082 761 1174 818 eomi-

175 859 235 916 tari
251 876 319 915 eum
334 858 485 928 solebant,
503 859 632 932 imponit
646 859 677 914 in
693 877 799 929 navae,
816 864 847 916 et
866 859 898 915 in
919 859 995 915 lines
1010 859 1174 916 Mallorum

175 958 312 1014 secundo
334 974 422 1013 amne
443 956 613 1014 devehitur.
657 956 736 1013 Inde
758 955 908 1014 Sabracas
930 957 1018 1025 adiit,
1041 956 1174 1014 validam
1209 964 1226 1013 ὅ

176 1054 284 1111 Indiae
295 1058 429 1129 gentem,
441 1071 519 1127 quae
531 1053 646 1128 populi,
660 1071 723 1111 non
734 1054 852 1129 Regum
863 1054 991 1128 imperio
1000 1055 1172 1130 regebatur.

176 1150 347 1227 Sexaginta
368 1150 464 1208 millia
485 1151 622 1225 peditum
640 1151 806 1220 habebant,
823 1151 959 1224 equitum
974 1157 1044 1210 octo
1059 1151 1171 1208 millia:

175 1249 233 1305 has
256 1249 361 1322 copias
386 1265 491 1306 currus
516 1249 676 1325 quingenti
704 1248 921 1322 sequebantur.
973 1249 1051 1306 Tres
1079 1249 1173 1306 duces

176 1351 333 1420 spectatos
348 1345 462 1404 virtute
477 1345 587 1404 bellice
601 1345 768 1422 elegerant.
811 1345 922 1419 Atqui
936 1346 967 1403 in
983 1346 1065 1422 agris
1087 1351 1175 1404 erant

177 1443 309 1517 proximi
326 1444 453 1512 flumini,
474 1443 667 1519 (frequentes
682 1449 783 1501 autem
799 1444 884 1502 vicos
903 1443 1035 1501 maxime
1053 1443 1084 1500 in
1106 1443 1173 1518 ript
1189 1449 1226 1500 10

176 1540 347 1617 habebant)
368 1547 402 1598 ut
419 1539 522 1598 videre
542 1546 638 1598 totum
657 1559 789 1610 amnem,
805 1541 867 1614 qua
887 1541 1019 1616 prospici
1039 1546 1171 1615 poterat,

177 1638 307 1714 navigiis
322 1634 540 1708 ²oonstratum,
554 1644 586 1695 et
600 1643 647 1695 tot
661 1639 792 1695 militum
806 1657 891 1695 arma
904 1639 1064 1714 fulgentia,
1076 1639 1173 1697 territi

177 1738 257 1792 nova
272 1736 364 1805 facie,
381 1736 517 1792 Deorum
531 1736 712 1805 exercitum,
725 1740 757 1792 et
771 1735 864 1792 alium
879 1736 1024 1793 Liberum
1037 1737 1172 1806 Patrem,

177 1833 294 1890 celebre
324 1833 355 1890 in
383 1833 443 1890 illis
471 1832 614 1909 gentibus
646 1850 769 1902 nornen,
800 1834 966 1890 adventare
995 1835 1170 1891 credebant.

177 1930 259 1988 Hinc
287 1931 415 1987 militum
444 1930 568 2001 clamor,
587 1931 665 1988 ¹hinc
690 1949 841 1988 remorum
867 1931 983 2005 pulsae,
1010 1932 1172 2004 variaeque
1190 1907 1226 1987 lb

177 2033 338 2084 nautarum
361 2045 452 2085 voces
473 2029 670 2098 hortantium,
694 2029 824 2103 pavidas
847 2047 935 2086 aures
958 2029 1170 2102 impleverant.

177 2125 260 2201 Ergo
274 2125 410 2185 universi
425 2127 464 2184 ad
478 2143 542 2197 eos,
559 2126 611 2200 qui
632 2126 664 2184 in
683 2126 776 2184 armis
791 2131 889 2197 erant,
906 2132 1041 2197 currunt,
1057 2124 1173 2185 ⁸furere

69 2288 72 2291 ,
177 2224 381 2289 clamitantes,
406 2242 474 2283 oum
499 2225 567 2281 Diis
592 2225 740 2298 praelium
766 2225 904 2282 inituros.
949 2224 1083 2300 Navigia
1111 2242 1174 2281 non

177 2338 268 2395 posse
294 2322 456 2392 numerari,
477 2339 555 2396 quae
577 2322 709 2379 invictos
729 2322 883 2380 veherent.
925 2322 1119 2394 Tantumque
1142 2322 1173 2378 in

177 2419 344 2477 exercitum
370 2436 491 2476 suorum
515 2419 642 2476 intulere
664 2420 800 2489 terroris,
824 2424 858 2477 ut
878 2418 997 2495 legatos
1018 2420 1175 2477 mitterent
1189 2425 1227 2476 20

176 2523 301 2591 gentem
315 2498 483 2573 dedituros.

218 2614 267 2669 26.
298 2612 357 2670 His
369 2613 400 2669 in
412 2614 502 2670 fidem
517 2613 662 2686 acceptis,
675 2614 715 2669 ad
729 2612 805 2669 alias
819 2613 930 2670 deinde
944 2618 1053 2688 gentes
1064 2618 1174 2687 quarto

176 2711 226 2767 die
247 2710 398 2785 pervenit.
442 2710 547 2767 Nihilo
569 2710 638 2783 plus
660 2710 753 2767 animi
775 2710 822 2767 his
843 2711 911 2780 ruit,
933 2709 1022 2784 quam
1045 2711 1174 2767 caeteris

178 2812 289 2870 fuerat.
342 2813 452 2886 Itaque
477 2812 591 2885 oppido
616 2812 657 2869 ibi
682 2812 818 2882 condit0,
845 2813 927 2886 quod
951 2813 1174 2871 Alexandriam

178 2910 325 2983 appellari
343 2912 488 2985 jusserat,
505 2911 580 2967 fines
600 2927 716 2980 eorum,
733 2911 785 2983 qui
800 2910 953 2968 Musicani
968 2910 1172 2985 appellantur,
1189 2917 1226 2968 25

177 3008 313 3065 intravit.
357 3008 417 3065 ch
439 3008 476 3065 de
498 3008 632 3065 Teriolte
655 3006 797 3082 Satrape,
816 3026 906 3082 quem
925 3009 1174 3082 Paropamisadis

177 3108 380 3179 praefecerat,
393 3105 501 3163 iisdem
513 3108 723 3181 arguentibus,
737 3107 899 3181 cognovit:
915 3107 1070 3179 multaque
1082 3107 1173 3163 avare

178 3220 214 3260 ao
239 3203 368 3277 superbe
394 3204 506 3261 fecisse
531 3204 717 3272 convictum,
740 3204 868 3262 interfici
893 3205 995 3276 jussit.
1040 3203 1173 3262 Oxartes
1277 3229 1281 3233 “

160 3300 304 3377 ¹Praetor
328 3301 451 3358 Bactria
471 3297 593 3357 ⁴lrorum
615 3318 677 3357 non
700 3301 859 3359 absolutus
881 3303 983 3371 modo,
1005 3302 1060 3359 sed
1082 3303 1173 3358 etiam

178 3399 244 3470 jure
260 3398 371 3455 amon's
392 3398 548 3472 amplioris
568 3397 685 3471 imperii
700 3399 832 3456 donatus
847 3405 896 3455 est
912 3400 1034 3455 finibus».
1078 3385 1174 3455 llusi·
1190 3406 1227 3455 30

298 3560 308 3594 1
321 3560 445 3609 Cratero:
468 3560 591 3620 Crateras,
604 3576 646 3607 one
659 3561 690 3625 of
698 3560 735 3609 tle
744 3560 854 3625 generals
866 3562 898 3625 os
902 3560 1052 3609 Alexander.

298 3641 309 3674 ²
321 3648 492 3702 constratum,
505 3641 612 3691 covered.

298 3723 409 3775 ”furere
422 3726 597 3784 clamitantes,
610 3725 695 3789 cryinp
707 3724 782 3774 uland
793 3726 843 3774 rtet
855 3725 908 3790 they
921 3743 980 3775 were
992 3726 1058 3785 mad,
1071 3733 1120 3775 etc.

297 3806 309 3842 ⁴
321 3806 430 3856 horum:
447 3823 510 3855 some
522 3808 590 3855 verbs
602 3807 634 3871 (ff
636 3806 720 3873 plenty
732 3808 785 3856 aad
797 3816 861 3857 want
870 3824 959 3872 gavera
971 3806 1008 3855 the
1018 3808 1129 3871 year'tive.
