2817 4300
199 339 263 422 222
383 356 601 403 sunncrrous
622 355 726 402 naon
747 355 860 402 namu
884 347 1067 402 Aurnoss.

278 527 390 584 Vadite
406 528 527 584 ethaeo
541 543 689 584 memores
703 525 770 602 regi
784 525 930 582 mandata
943 525 1074 582 referte:

279 625 361 698 quod
375 625 472 682 vitam
487 642 587 681 moror
602 623 733 680 invisam
747 622 887 679 Pallante
902 627 1071 696 perempto,

279 723 408 779 dextera
422 740 515 778 cansa
528 727 582 778 tua
596 725 656 791 est,
671 722 807 778 Turnum
822 728 954 793 natoque
969 719 1108 794 patrique

279 837 370 892 quam
386 820 497 877 debere
512 819 610 877 vides.
653 818 774 875 Meritis
790 824 880 876 vacat
894 818 943 874 hic
958 817 1013 874 tibi
1028 817 1112 874 solus

280 917 482 990 fortunaeque
497 916 592 973 locus.
637 916 710 973 Non
725 916 806 974 vitae
821 915 934 992 gaudia
947 932 1072 988 quaero,

279 1032 336 1071 nec
350 1015 411 1083 fas,
428 1014 483 1070 sed
498 1019 572 1070 nato
586 1013 691 1070 Manis
706 1014 841 1087 perferre
857 1011 913 1070 snb
929 1011 1038 1068 imos.''

337 1177 404 1232 113.
435 1176 506 1232 Tus
529 1175 664 1232 Ssrzuna
686 1192 726 1231 on
747 1191 808 1230 rus
831 1174 950 1231 Samus
971 1173 1110 1231 Wonnu.

238 1305 309 1363 Jam
323 1324 372 1362 res
388 1307 527 1362 Romana
549 1306 626 1362 adeo
648 1310 715 1362 erat
728 1304 841 1374 valida,
858 1310 892 1361 ut
909 1304 1032 1362 cuilibet
1052 1304 1250 1362 finitimarum

198 1403 368 1459 civitatium
390 1403 471 1459 bello
492 1421 547 1476 par
569 1409 669 1460 esset:
707 1402 762 1460 sed
783 1402 910 1477 penuria
934 1401 1092 1458 mulierum
1116 1401 1250 1458 hominis

198 1504 331 1556 aetatem
346 1501 491 1556 duratura
512 1500 690 1576 magnitudo
712 1505 787 1556 erat.
832 1500 911 1556 Tum
925 1517 965 1556 ex
980 1498 1107 1556 consilio
1122 1498 1250 1556 Patrum

198 1597 346 1653 Romulus
367 1596 485 1672 legatos
507 1598 588 1654 circa
609 1597 727 1655 vicinas
747 1602 856 1672 gentes
878 1595 971 1665 misit,
994 1578 1249 1668 qui'societatem

198 1695 442 1767 connubiumque
471 1712 552 1752 novo
580 1695 694 1768 populo
723 1699 871 1767 peterent.
927 1693 1088 1766 Nusquam
1116 1693 1249 1770 benigne

197 1790 312 1866 legatio
327 1792 432 1848 audita
446 1797 512 1848 est:
539 1792 617 1848 adeo
639 1791 729 1848 simul
750 1791 948 1866 spernebant,
966 1790 1053 1846 simul
1076 1795 1194 1848 tantam
1217 1791 1248 1847 in

198 1867 299 1945 medio
323 1893 511 1946 crescentem
535 1888 646 1946 molem
670 1889 787 1946 sibiae
812 1888 943 1962 posteris
969 1888 1032 1944 suis
1057 1888 1246 1945 metuebant.

197 1985 300 2061 Aegre
313 1986 343 2042 id
359 1985 497 2043 Romana
509 1986 605 2060 pubes
617 2003 721 2060 passa,
736 1991 767 2043 et
781 1985 964 2042 hauddubie
980 1985 1019 2041 ad
1033 1985 1092 2041 vim
1107 1990 1248 2058 spectare

197 2100 246 2139 res
261 2083 371 2158 coepit.
414 2081 472 2140 Cui
486 2088 606 2158 tempus
622 2083 781 2156 locumque
797 2088 902 2157 aptum
923 2088 956 2139 ut
976 2083 1065 2140 daret
1085 2082 1245 2153 Romulus,

198 2182 420 2256 aegritudinem
444 2182 538 2237 animi
559 2181 768 2251 dissimulem,
792 2181 881 2239 ludos
906 2198 945 2237 ex
970 2181 1119 2238 industria
1144 2186 1246 2255 parat,

198 2278 344 2352 Neptuno
359 2278 503 2351 Equestri
525 2278 689 2335 sollennes.
733 2278 833 2335 Indici
853 2278 962 2335 deinde
977 2278 1112 2335 finitimis
1127 2283 1248 2352 specta·

198 2358 305 2433 culum·
313 2375 418 2448 jubet:
434 2381 610 2449 quantoque
625 2381 775 2449 apparatu
791 2381 856 2432 tum
871 2376 1010 2433 sciebant
1024 2381 1077 2433 aut
1093 2370 1246 2449 poterant,

198 2472 432 2540 concelebrant3
477 2478 511 2529 ut
542 2491 605 2529 rem
639 2473 753 2530 claram
788 2478 1059 2546 exspectatamque
1095 2474 1245 2530 facerent.

197 2570 290 2626 Multi
321 2570 465 2627 mortales
497 2588 679 2639 convenere,
711 2569 812 2627 studio
844 2570 936 2627 etiam
963 2570 1113 2628 videndae
1148 2588 1248 2629 novae

197 2667 299 2733 urbis;
333 2666 465 2723 maxime
494 2667 626 2741 proximi
650 2667 772 2740 quique,
799 2665 1018 2737 Caeninenses,
1046 2666 1246 2739 Crustumini,

197 2764 412 2822 Antemnates.
455 2763 527 2821 Jam
547 2763 730 2822 Sabinorum
750 2764 849 2821 omnis
871 2765 1033 2822 multitudo
1054 2782 1122 2823 cum
1142 2763 1249 2823 liberis

197 2880 234 2920 ac
255 2863 438 2938 conjugibus
452 2863 546 2920 venit.
590 2864 652 2922 Ubi
674 2864 841 2937 spectaculi
863 2869 985 2938 tempus
998 2865 1094 2934 venit,
1111 2865 1248 2922 deditae·

197 2978 256 3034 que
277 2978 314 3017 eo
335 2966 452 3017 mentes
472 2978 541 3018 cum
555 2960 651 3018 oculis
666 2967 762 3032 erant,
778 2966 843 3018 tum
858 2980 898 3019 ex
913 2962 1082 3035 composito
1096 2968 1164 3019 orta
1179 2964 1246 3020 vis:

198 3059 347 3133 signoque
368 3058 442 3115 dato
462 3059 608 3131 juventus
630 3059 770 3115 Romana
791 3059 830 3115 ad
853 3059 1014 3133 rapiendas
1029 3060 1163 3135 virgines
1184 3061 1249 3118 dis·

198 3156 301 3212 currit.
346 3156 483 3212 Turbato
505 3173 558 3229 per
579 3161 693 3213 metum
715 3155 843 3225 ludicro,
866 3158 976 3214 maesti
998 3163 1139 3231 parentes
1154 3159 1248 3235 virgi-

198 3270 270 3308 num
288 3253 476 3327 profugiunt,
493 3253 669 3310 incusantes
684 3252 791 3310 violati
812 3255 936 3329 hospitii
957 3256 1079 3327 foedus,
1096 3258 1248 3331 deumque

198 3350 389 3419 invocantes,
421 3352 509 3423 cujus
538 3351 577 3407 nd
609 3350 746 3408 sollenne
778 3351 927 3426 ludosque
955 3355 1122 3412 venissent.
1180 3356 1248 3414 Nec

197 3448 295 3521 raptis
317 3454 370 3505 aut
391 3464 462 3522 spes
484 3449 522 3505 de
544 3467 577 3506 se
599 3449 716 3518 melior,
733 3457 787 3507 aut
806 3452 976 3527 indignatio
991 3459 1038 3509 est
1052 3453 1167 3509 minor:
1191 3454 1246 3511 sed

198 3544 263 3618 ipse
279 3545 426 3603 Romulus
441 3547 630 3616 circumibat,
643 3548 770 3604 hortans
787 3554 819 3605 ut
833 3549 986 3606 mollirent
1001 3550 1072 3619 iras,
1084 3556 1125 3617 et,
1136 3550 1248 3623 quibus

199 3642 264 3697 fors
276 3660 403 3715 corpora
415 3644 561 3711 dedisset,
575 3645 685 3702 darent
699 3645 829 3702 animos.
866 3647 1067 3704 Accedebant
1080 3646 1248 3704 blanditiae

199 3738 343 3796 virorum.
367 3740 481 3794 factum
503 3741 696 3813 purgantium
719 3742 886 3814 cupiditate
909 3744 1000 3816 atque
1022 3761 1142 3811 amore3
1168 3760 1249 3817 quae

198 3832 331 3887 maxime
345 3833 384 3888 ad
400 3831 544 3890 muliebre
565 3835 721 3909 ingenium
741 3838 879 3895 efficaces
902 3856 1006 3911 preces
1021 3844 1103 3897 sunt.
