2817 4300
534 382 702 449 unaum’s
725 400 861 446 mnam.

412 587 513 649 Venus
526 605 656 662 appears
670 587 734 645 aad
747 604 831 644 corea
844 587 980 645 AEaeac.

247 703 308 761 Hic
320 702 439 773 Venus,
456 702 581 778 indigno
595 701 661 758 nati
675 718 825 758 concussa
839 702 955 772 dolore,

247 799 449 858 ¹dictamnum
464 799 605 875 genetrix
620 797 750 856 Cretaea
765 799 863 873 carpit
878 800 917 856 ab
932 801 1001 871 Ida,

247 898 412 974 puberibus
426 894 559 966 lcaulem
575 896 659 954 foliis
675 902 706 954 et
720 897 792 954 flore
812 902 983 955 comantem

246 1013 398 1071 purpureo
410 1013 417 1063 3
434 1013 496 1052 non
510 994 563 1050 illa
577 994 650 1050 feris
665 994 822 1070 incognita
837 995 938 1068 capris

245 1094 395 1170 gramina,
409 1111 477 1150 curn
493 1098 581 1168 tergo
595 1091 736 1149 volucres
750 1093 875 1148 haesere
892 1092 1041 1168 sagittae:
1164 1101 1222 1152 415

246 1192 303 1249 hoc
316 1190 435 1259 Venus,
451 1190 583 1248 obscuro
598 1189 709 1246 faciem
725 1189 912 1246 circumdata
927 1189 1041 1258 nimb0‚

246 1288 372 1357 detulit3
388 1289 445 1345 hoc
458 1285 582 1346 ³fusum
596 1286 691 1343 labris
706 1286 939 1360 splendentibus
953 1304 1073 1345 amnem

246 1385 341 1442 inficit
355 1385 473 1442 occulte
489 1385 646 1442 medicans
658 1384 836 1460 spargitque
852 1383 998 1448 salubria¹

245 1483 416 1540 ambrosiae
431 1499 521 1539 sucos
537 1487 569 1539 et
583 1482 768 1539 odoriferam
784 1499 961 1556 panaceam.

244 1577 353 1638 ⁴Fovit
363 1598 400 1636 ea
413 1579 522 1637 volnus
538 1578 663 1655 lympha
677 1579 846 1654 longaevus
861 1579 961 1654 Iapyx
1164 1588 1223 1639 420

246 1677 402 1753 ignoranS‚
419 1677 582 1750 subitoque
597 1677 696 1733 omnis
711 1677 749 1734 de
764 1693 890 1751 corpore
905 1677 984 1752 fugit

245 1775 357 1849 quippe
372 1773 469 1844 dolor,
486 1775 586 1831 omnis
601 1774 689 1830 stetit
703 1774 764 1830 imo
779 1774 902 1831 volnere
917 1774 1062 1850 sauguis3

246 1873 366 1945 iamque
382 1877 487 1929 secuta
502 1889 626 1928 manum
641 1871 724 1928 nullo
743 1877 871 1947 cogente
890 1871 1004 1948 sagitta

245 1970 372 2040 excidit,
388 1975 479 2043 atque
495 1987 594 2026 novae
606 1969 723 2027 rediere
739 1969 769 2025 in
785 1969 914 2043 pristina
928 1969 1019 2026 vires.

248 2067 364 2124 ‘Arma
378 2067 430 2124 citi
445 2073 607 2141 properate
622 2067 707 2124 viro!
750 2067 831 2141 Quid
846 2065 974 2124 statis?'
1016 2068 1116 2144 Iapyx
1164 2075 1222 2125 425

246 2166 416 2223 conclamat
430 2166 604 2240 primusque
620 2167 738 2223 animos
753 2167 897 2224 adcendit
911 2166 942 2222 in
957 2166 1087 2223 hostem.

248 2264 338 2321 ‘Non
354 2264 429 2321 haec
443 2264 584 2321 humanis
598 2265 720 2338 opibus,
737 2283 798 2322 non
813 2269 878 2321 arte
893 2264 1040 2339 magistra

246 2362 430 2436 proveniunt
444 2379 541 2435 neque
558 2368 599 2428 te,
615 2362 735 2430 Aenea,
751 2380 819 2418 mea
833 2362 961 2418 dextera
972 2366 1093 2419 servat:

245 2459 342 2516 maior
356 2458 420 2535 agit
434 2459 510 2516 deus
526 2463 618 2531 atque
632 2476 725 2532 opera
740 2459 779 2515 ad
793 2458 909 2515 maiora
923 2458 1072 2516 remittit!

399 2646 524 2703 AEueua
538 2648 566 2701 r'a
577 2648 670 2721 apula
684 2663 772 2722 cuper
779 2647 835 2718 sor
849 2647 895 2703 the
903 2647 990 2721 frey.
1050 2711 1051 2714 Ἴ

247 2761 303 2818 Ille
314 2760 423 2818 avidus
438 2778 558 2836 pugnae
572 2757 676 2817 ⁵suras
691 2760 856 2818 incluserat
871 2778 945 2818 auro
1164 2770 1223 2821 430

247 2859 318 2915 hinc
332 2864 423 2931 atque
439 2858 509 2914 hinc
523 2858 649 2930 oditque
664 2874 765 2914 moras
780 2859 960 2933 hastamque
976 2841 1141 2917 coruscat.

246 2957 413 3029 Postquam
427 2954 538 3011 habilis
553 2954 642 3011 lateri
656 2954 771 3029 clipeus
785 2955 939 3029 loricaque
955 2962 1041 3032 tergo
1056 2963 1114 3028 est,

246 3053 413 3111 Ascanium
429 3052 509 3109 fusis
524 3053 637 3110 circum
651 3052 862 3127 complectitur
877 3054 969 3111 armis

245 3148 439 3225 lsummaque
454 3168 509 3225 per
522 3150 641 3226 galeam
656 3150 795 3208 delibans
811 3152 915 3209 oscula
930 3153 1029 3209 fatur:

217 3314 225 3346 ¹
239 3314 416 3362 dictamnum:
434 3330 467 3361 aa
479 3312 534 3361 herb
549 3314 677 3377 (dittany)
689 3314 774 3378 found
785 3312 840 3379 only
852 3314 877 3363 in
893 3312 962 3363 Crete
977 3315 1088 3379 (Dicte).

215 3396 227 3427 ²
238 3397 350 3455 caulem,
362 3396 398 3444 rte
412 3396 584 3456 dictamnum,
596 3395 612 3445 l.
624 3397 680 3467 412.

215 3476 327 3527 ³fusum
340 3514 365 3526 ..
381 3494 512 3528 amnem.
547 3480 647 3528 Fusum
664 3494 806 3529 amnem:
819 3480 1075 3543 aqua-Summa.
1106 3480 1222 3530 Labrum

173 3576 220 3623 pro
233 3577 295 3610 vase
306 3562 424 3623 positum
436 3567 523 3610 est—
532 3562 656 3611 Pmnrus.

215 3644 226 3676 ⁴
238 3644 307 3693 fovit
319 3667 344 3688 =
357 3645 472 3694 lavit-
480 3642 601 3693 Cooraa.

215 3725 313 3776 l>surrrs
326 3763 331 3774 .
346 3762 352 3774 .
367 3762 373 3774 .
387 3741 460 3785 auro,
473 3724 547 3774 “lad
558 3725 662 3774 erccaed
672 3724 710 3774 la's
722 3724 771 3791 laps
782 3725 812 3776 ia
821 3725 903 3791 pold.’'

215 3808 393 3871 ⁶summaque
407 3844 412 3855 .
426 3844 431 3855 .
445 3846 451 3857 .
464 3808 550 3866 ocula,
564 3806 647 3872 liplulp
659 3806 752 3871 kissinp
765 3806 864 3873 throuqb
875 3808 912 3857 la's
923 3807 1014 3859 helmet.
