2817 4300
515 345 673 410 cronno's
695 365 877 413 nrisrnns.
1182 353 1223 418 51

172 535 301 604 potero;
324 531 350 587 si
371 531 403 588 id
425 550 486 588 non
508 534 630 603 feceris,
654 535 798 605 mirabor,
822 538 877 594 sed
899 539 1020 596 confido
1041 545 1073 598 te
1102 558 1170 598 esse

173 628 339 685 facturum.

474 775 628 836 CICERO
649 779 810 840 ATTICO
832 781 923 841 SAL.

221 895 283 946 Son.
296 909 326 944 nr
343 910 457 946 1111111111
476 912 560 947 neren
573 899 707 948 Vrnounu
720 915 754 948 nr
767 901 950 951 Bnunnrsmar
967 918 1059 953 nurse
1073 907 1174 956 Aram

617 997 643 1030 a,
655 997 712 1032 rac.
724 983 781 1033 696.

215 1081 380 1139 *Miseriae
395 1088 517 1140 nostrae
536 1084 745 1158 potiusvelirn
760 1104 850 1160 quam
872 1087 1097 1147 inconstantiae
1118 1093 1170 1149 tri-

173 1179 263 1249 buae,
280 1175 376 1253 ¹quod
399 1197 417 1235 a
437 1179 568 1250 Vibone,
592 1200 652 1256 quo
674 1189 704 1240 te
728 1185 969 1254 arcessebamus,
989 1188 1091 1245 subito
1109 1190 1170 1246 dis-

174 1277 340 1334 cessimus:
364 1276 456 1334 allata
472 1284 519 1335 est
534 1280 613 1336 enlm
630 1281 718 1337 nobis
733 1283 853 1358 rogatio
874 1284 912 1340 de
935 1286 1068 1358 pernicie
1089 1305 1168 1357 mea,
1207 1298 1223 1344 5

174 1377 207 1432 in
222 1394 292 1450 qua,
309 1377 391 1450 quod
406 1383 574 1435 correctum
592 1398 660 1438 esse
682 1382 969 1452 audieramuS‚e1·at
990 1385 1054 1441 eius
1075 1385 1169 1454 modi,

175 1471 226 1532 ²ut
239 1475 312 1531 mihi
327 1476 406 1533 ultra
421 1479 645 1554 quadringenta
659 1481 743 1537 milia
757 1481 863 1539 liceret
880 1499 958 1539 esse.
1001 1479 1081 1539 ³1110
1102 1500 1171 1540 cum

173 1575 333 1650 pervenire
347 1595 409 1634 non
423 1577 538 1646 liceret,
556 1580 659 1637 statim
681 1582 740 1638 iter
760 1581 957 1637 Brundisium
972 1597 1078 1637 versus
1100 1597 1171 1636 con-

175 1675 232 1731 tuli
247 1681 317 1734 ante
333 1676 413 1734 diem
433 1678 613 1754 rogationis,
630 1695 668 1736 ne
691 1683 723 1735 et
744 1677 843 1749 Sicca,
861 1679 942 1752 apud
964 1696 1054 1751 quem
1075 1694 1169 1747 eram,

176 1774 290 1848 periret
303 1779 335 1832 et
348 1775 430 1848 quod
452 1774 577 1832 Melitae
599 1793 666 1833 esse
689 1793 751 1833 non
772 1776 893 1834 licebat.
935 1776 1027 1832 Nune
1048 1780 1081 1832 tu
1103 1793 1172 1848 pro·
1188 1782 1225 1831 10

174 1889 260 1946 pera,
286 1877 321 1930 ut
345 1891 401 1930 nos
427 1890 625 1946 consequare,
653 1874 680 1930 si
707 1875 799 1932 modo
820 1873 1009 1948 recipiemur.
1060 1873 1171 1929 Adhuc

174 1965 495 2046 invitamur'benigue
512 1971 567 2027 sed
588 1971 669 2044 quod
692 1975 832 2045 superest
852 1971 1004 2028 timemus.
1049 1971 1113 2040 Mc,
1130 1971 1171 2026 mi
1271 1987 1273 1990 ⁴

173 2067 336 2140 Pomponi,
360 2068 448 2126 valde
470 2068 606 2141 paenitet
626 2069 749 2138 vivere3
772 2086 832 2142 qua
853 2068 885 2126 in
905 2087 938 2126 re
967 2069 1047 2144 apud
1069 2074 1172 2126 metu

173 2164 336 2239 plurimum
347 2166 481 2223 valuisti.
513 2166 574 2225 Sed
589 2167 664 2224 hacc
676 2184 789 2225 coram.
820 2168 884 2226 Fae
898 2168 989 2225 modo
1003 2172 1038 2225 ut
1051 2167 1169 2226 venias.

477 2366 631 2426 CICERO
653 2366 812 2427 ATTICO
835 2367 926 2427 SAL.

307 2478 369 2529 Son.
381 2479 532 2528 Bnunmsrr
546 2494 642 2528 earnm
656 2480 810 2529 Kannanas
821 2481 916 2529 Maras
927 2495 953 2529 n.
963 2495 989 2529 u.
999 2494 1024 2530 o.
1036 2480 1093 2529 696.

219 2579 269 2654 (1)
295 2580 490 2638 Brundisium
511 2582 582 2638 veni
605 2600 633 2638 a.
659 2582 690 2638 d.
713 2599 798 2638 xrnr.
821 2582 893 2639 Kal.
916 2582 1037 2639 Maias:
1064 2600 1101 2640 eo
1119 2583 1224 2664 Ι1111115

173 2678 261 2751 pueri
274 2678 319 2734 tui
334 2677 407 2733 mihi
422 2696 440 2735 a
455 2682 484 2735 te
502 2678 620 2735 litteras
641 2680 851 2749 reddiderunt,
869 2684 901 2737 et
921 2679 972 2736 alii
993 2680 1079 2753 pueri
1100 2686 1172 2753 post

172 2775 254 2831 diem
268 2776 390 2832 tertium
406 2776 471 2833 eius
486 2776 547 2833 diei
561 2776 637 2833 alias
651 2776 771 2833 litteras
789 2776 966 2834 attulerunt.
1012 2776 1102 2849 Quod
1123 2797 1171 2834 me

171 2890 263 2947 rogas
285 2878 315 2929 et
335 2873 479 2941 hortaris,
496 2878 530 2930 ut
552 2875 633 2947 apud
654 2879 684 2931 te
706 2875 738 2930 in
760 2875 852 2948 Epiro
867 2874 935 2943 sim,
952 2873 1096 2932 voluntas
1118 2880 1171 2932 tua

173 2971 246 3027 mihi
267 2968 376 3029 4valde
397 2976 485 3047 grata
507 2976 555 3029 est
576 2976 607 3028 et
627 2972 750 3029 minime
765 2990 859 3029 nova.
903 2972 995 3029 Esset
1009 2971 1170 3030 consilium

172 3070 245 3125 mihi
273 3070 394 3143 quidem
422 3074 572 3144 optatum,
597 3069 623 3125 si
646 3069 753 3126 liceret
777 3069 819 3126 ibi
844 3087 933 3127 omne
955 3074 1076 3143 tempus
1098 3087 1169 3127 con·
1185 3078 1223 3127 20

215 3228 248 3277 A.
266 3228 354 3277 Velim
368 3228 469 3276 tribuas
484 3226 566 3291 (quod
581 3226 668 3274 subito
682 3226 850 3274 discessimus
863 3240 879 3273 a
891 3226 995 3273 Vibone
1007 3240 1059 3286 quo
1072 3231 1098 3274 te
1110 3240 1223 3274 arcesse

170 3310 276 3373 bamus)
290 3317 397 3359 nostrae
409 3310 531 3358 mIseriae
543 3309 631 3370 potius
644 3324 724 3369 quam
736 3308 938 3357 inconstantiae.

215 3454 225 3489 1
237 3456 315 3517 quod,
327 3454 427 3518 tlte-fact
439 3452 498 3501 that.

213 3537 225 3571 ²
236 3545 266 3587 ut
277 3538 343 3586 milri
355 3538 426 3586 ultra
438 3536 631 3598 quadringenta
644 3534 718 3582 milia
730 3534 821 3583 liceret
833 3548 890 3582 esse
902 3555 926 3577 =
939 3537 969 3583 ut
980 3532 1046 3581 mihi
1064 3548 1117 3581 non
1128 3532 1221 3582 liceret

169 3635 228 3669 esse
239 3620 401 3683 propriorem
413 3634 492 3681 quam
505 3618 699 3680 quadringenta
710 3616 785 3665 milia
795 3616 905 3666 Romae.

212 3701 224 3735 ⁸
236 3703 290 3762 illo,
302 3719 331 3751 as
344 3702 371 3766 {f
382 3703 408 3750 in
421 3716 481 3750 eum
496 3701 593 3749 locum.

212 3784 224 3817 ⁴
235 3784 313 3833 valde
327 3783 447 3848 (valide),
459 3780 620 3847 eaceedinplp,
632 3798 698 3845 very.
