2817 4300
511 349 630 397 SHORT
653 349 852 396 EXTRACTS.

540 572 608 627 111.
638 570 822 628 Hamncan.

194 718 367 788 Hamilcar,
380 718 564 776 Hannibalis
579 719 671 789 filius,
688 719 868 794 cognomine
883 719 992 789 Barca,
1010 718 1208 795 Karthagini·

154 816 248 884 ensis,
265 817 363 889 primo
384 816 517 874 Poenico
537 815 630 886 bello,
647 817 702 874 sed
723 816 910 890 temporibus
930 817 1087 886 extremis,
1104 817 1208 873 admo·

153 913 228 970 dum
243 913 489 970 adulescentulus
500 913 532 969 in
544 913 648 971 Sicilia
661 931 804 987 praeesse
817 914 917 987 coepit
928 914 1085 970 exercitui.
1130 913 1207 972 Cum

154 1016 226 1068 ante
241 1012 309 1083 ejus
324 1011 490 1068 adventum
504 1016 535 1068 et
549 1010 623 1067 mari
639 1016 670 1068 et
683 1017 765 1068 terra
780 1011 858 1068 male
873 1029 922 1067 res
939 1016 1116 1086 gererentur
1129 1012 1206 1068 Kar-

153 1108 403 1184 thaginiensium,
420 1109 496 1183 ipse,
513 1109 566 1165 ubi
584 1109 696 1178 adfuit,
714 1127 879 1182 numquam
900 1109 981 1166 hosti
996 1109 1088 1166 cessit
1110 1126 1207 1182 neque

153 1205 255 1263 locum
279 1206 409 1264 nocendi
433 1207 530 1277 dedit,
555 1224 706 1280 saepeque
732 1224 748 1264 e
774 1205 927 1264 contrario
952 1207 1113 1264 occasione
1135 1207 1208 1263 data

154 1303 312 1361 lacessivit
339 1321 517 1378 semperque
546 1304 683 1377 superior
714 1304 867 1362 discessit.
920 1303 987 1376 Quo
1016 1305 1111 1374 facto,
1139 1322 1207 1362 cum

155 1419 252 1475 paene
278 1402 381 1458 omnia
405 1401 436 1457 in
463 1400 567 1458 Sicilia
595 1401 690 1457 Poeni
719 1401 905 1471 amisissent,
929 1401 979 1458 ille
1008 1401 1139 1476 Erycem
1163 1402 1207 1458 sic

154 1499 307 1569 defendit,
324 1504 357 1557 ut
379 1499 491 1556 bellum
512 1518 549 1556 eo
569 1498 637 1555 loco
658 1504 778 1575 gestum
794 1517 855 1555 non
870 1499 1035 1556 videretur.
1080 1499 1207 1556 Interim

153 1597 429 1672 Karthaginienses
452 1596 550 1654 classe
574 1597 656 1670 apud
679 1596 795 1652 insulas
815 1597 953 1672 Aegates
975 1615 993 1653 a
1014 1594 1049 1653 Ο.
1071 1597 1205 1665 Lutati0,

154 1695 279 1752 consule
301 1694 518 1762 Romanorum,
542 1694 688 1766 superati,
706 1698 879 1750 statuerunt
899 1693 972 1750 belli
993 1694 1095 1751 facere
1117 1695 1208 1750 finem

155 1804 290 1864 eamque·
310 1809 374 1848 rem
403 1791 528 1848 arbitrio
558 1792 762 1864 permiserunt
797 1791 992 1848 Hamilcaris.
1050 1791 1118 1860 Ille,
1149 1791 1207 1848 etsi

154 1890 306 1965 flagrabat
318 1888 452 1945 bellandi
468 1888 645 1961 cupiditate,
663 1893 765 1944 tamen
781 1888 849 1962 paci
864 1889 1059 1946 serviundum
1075 1889 1205 1962 putavit,

154 1988 237 2060 quod
258 1986 389 2060 patriam
411 1987 592 2042 exhaustam
607 1986 779 2059 sumptibus
801 1986 915 2043 diutius
931 1985 1120 2043 calamitates
1135 1985 1206 2042 belli

155 2087 233 2142 ferre
255 2097 317 2141 non
339 2101 429 2159 posse
452 2068 659 2159 intellegebat,
677 2084 732 2140 sed
754 2083 808 2153 ita,
825 2083 978 2140 utstatim
993 2088 1094 2140 mente
1110 2084 1207 2160 agita-

155 2188 213 2252 ret,
240 2182 266 2239 si
290 2182 414 2256 paulum
435 2182 525 2238 modo
549 2200 598 2238 res
626 2186 732 2239 essent
753 2183 899 2251 refectae,
923 2182 1036 2239 bellum
1059 2199 1206 2238 renovare

155 2277 371 2352 Romanosque
398 2279 489 2335 armis
514 2280 667 2352 persequi,
689 2279 832 2335 donicum
855 2283 908 2336 aut
930 2279 1043 2337 virtute
1060 2279 1208 2337 vicissent

155 2377 297 2435 autricti
317 2394 425 2433 manus
446 2376 614 2433 dedissent.
658 2376 728 2433 Hoc
750 2376 877 2433 consilio
898 2394 1005 2450 pacem
1020 2376 1205 2446 conciliarit,

155 2475 186 2532 in
200 2493 261 2549 quo
276 2480 363 2532 tanta
374 2475 433 2531 fuit
446 2472 573 2543 ferocia,
591 2491 659 2530 cum
674 2471 802 2531 Catulus
818 2480 944 2549 negaret
958 2472 1071 2531 bellum
1085 2492 1207 2547 compo-

155 2573 293 2642 siturum,
307 2572 366 2628 nisi
380 2572 430 2629 ille
446 2589 514 2628 cum
528 2572 602 2639 suis,
616 2571 668 2645 qni
682 2572 813 2647 Erycem
828 2577 1000 2640 tenuerant,
1015 2572 1106 2628 armis
1121 2570 1207 2628 relic·

153 2670 195 2728 tis
217 2668 322 2727 Sicilia
343 2670 536 2738 decederent,
553 2673 588 2725 ut
602 2670 818 2725 succumbente
839 2670 939 2743 patria
961 2669 1026 2742 ipse
1040 2668 1207 2743 periturum

155 2786 188 2824 se
199 2768 302 2841 potius
313 2767 437 2836 dixerit,
449 2784 542 2841 quam
553 2784 621 2823 oum
633 2770 721 2823 tanto
736 2766 851 2841 flagitio
863 2767 986 2822 domum
998 2767 1128 2823 rediret:
1145 2782 1207 2822 non

155 2864 235 2921 enim
250 2882 324 2922 suae
338 2882 406 2922 esse
420 2864 543 2921 virtutis
559 2881 643 2919 arma
658 2882 676 2919 a
690 2864 790 2938 patria
802 2869 928 2937 accepta
943 2864 1090 2921 adversus
1103 2864 1207 2920 hostes

155 2962 339 3019 adversariis
354 2962 485 3019 tradere.
530 2961 633 3034 Hujus
647 2962 834 3035 pertinaciae
850 2960 943 3018 cessit
957 2959 1096 3018 Catulus

194 3060 240 3116 At
264 3059 325 3127 ille,
347 3052 387 3117 ut*
406 3059 629 3134 Karthaginem
650 3058 745 3127 venit,
763 3057 858 3115 multo
881 3058 979 3126 aliter,
996 3076 1032 3114 ac
1056 3062 1205 3131 sperarat,

154 3157 392 3230 rempublicam
414 3174 446 3213 se
468 3155 632 3212 habentem
647 3156 802 3231 cognovit.
847 3156 988 3228 Namque
1008 3155 1207 3212 diuturnitate

154 3254 275 3310 externi
290 3254 360 3310 mali
376 3259 495 3311 tantum
510 3253 626 3310 exarsit
646 3252 825 3310 intestinum
846 3252 969 3321 bellum,
986 3256 1020 3309 ut
1042 3270 1214 3326 numquam

154 3352 184 3408 in
201 3353 267 3425 pari
280 3352 416 3426 periculo
430 3351 524 3417 fuerit
538 3351 710 3427 Karthag0,
727 3351 786 3407 nisi
802 3369 870 3425 cum
885 3349 986 3407 deleta
1008 3356 1063 3409 est.
1106 3350 1208 3405 Primo

154 3450 354 3507 mercennarii
382 3450 506 3519 milites,
535 3450 646 3523 quibus
675 3449 822 3506 adversus
852 3448 1006 3505 Romanos
1036 3446 1082 3503 usi
1108 3450 1205 3513 erant,

154 3549 367 3606 desciverunt:
404 3566 531 3621 quornm
559 3564 702 3604 numerus
738 3551 804 3603 erat
837 3545 947 3621 viginti
982 3544 1107 3601 milium.
1165 3543 1208 3600 Hi

155 3650 253 3704 totam
272 3646 484 3703 abalienarunt
511 3646 660 3711 Africam,
685 3644 783 3717 ipsam
807 3643 1030 3718 Karthaginem
1051 3658 1208 3716 oppugna·

154 3748 237 3801 runt.
281 3741 398 3816 Quibus
425 3742 513 3800 malis
542 3743 619 3799 adeo
647 3746 720 3799 sunt
747 3740 843 3798 Poeni
871 3739 1035 3815 perterriti,
1060 3743 1095 3796 ut
1116 3738 1208 3795 etiam
