2817 4300
552 389 670 436 snonr
693 389 891 438 nxrnacrs.
1182 378 1244 442 145

193 559 246 632 qui
267 561 397 617 mediam
420 559 517 616 aciem
537 565 749 633 perruperant,
767 567 797 616 et
818 562 855 618 de
877 563 924 619 his
945 580 1065 636 quoque
1087 565 1244 623 victoriam

194 663 399 730 reportarunt.
443 657 531 714 Tunc
550 676 623 715 vero
644 658 675 714 in
698 659 804 734 fugam
826 661 940 716 effusos
960 661 1072 718 Persas
1094 666 1246 738 persecuti

194 759 276 823 sunt,
294 755 392 812 donec
407 755 447 811 ad
461 773 543 811 mare
558 755 664 825 delati,
681 756 766 828 ipsas
781 774 877 813 naves
892 758 992 815 adorti
1006 765 1088 816 sunt.

412 961 461 1015 27.
493 958 695 1016 Coaronnuus
716 977 782 1016 nun
803 978 854 1016 ms
876 961 1025 1018 Mornnn.

235 1088 427 1158 Coriolanus,
451 1091 577 1147 maximi
598 1091 645 1147 vir
666 1091 770 1160 animi,
795 1096 826 1148 et
851 1091 991 1148 altissimi
1013 1094 1143 1165 consilii,
1167 1097 1244 1169 opti-

194 1203 302 1259 meque
317 1188 354 1244 de
369 1187 538 1261 Republica
558 1188 695 1258 meritus,
713 1188 922 1261 iniquissimae
938 1189 1142 1248 damnationis
1157 1193 1244 1249 ruina

194 1288 379 1358 prostratim,
407 1285 446 1340 ad
470 1283 612 1353 Volscos,
641 1285 772 1342 infestos
801 1290 874 1342 tunc
902 1285 1060 1357 Romanis,
1092 1290 1241 1365 confugit.

194 1382 311 1457 Magno
325 1382 436 1454 ubique
452 1382 551 1456 pretio
562 1383 659 1439 virtus
675 1383 865 1441 aestimatur.
903 1385 1023 1458 Itaque,
1037 1403 1097 1458 quo
1111 1387 1245 1444 latebras
1318 1435 1322 1442 .

193 1479 365 1551 quaesitum
380 1484 517 1547 venerat,
534 1479 576 1536 ibi
591 1479 677 1536 brevi
691 1498 842 1537 summum
858 1482 988 1555 adeptus
1004 1487 1052 1540 est
1066 1483 1243 1557 imperium:

193 1578 366 1649 evenitque,
393 1581 428 1633 ut
459 1574 560 1654 [eum]
589 1581 678 1650 quein
704 1595 759 1652 pro
784 1596 816 1635 se
843 1579 1008 1636 salutarem
1033 1581 1245 1654 imperatorem

193 1673 275 1730 cives
297 1673 409 1731 habere
432 1673 604 1743 noluerant,
621 1693 718 1748 paene
736 1677 913 1748 pestiferum
929 1678 1074 1735 adversus
1089 1697 1122 1736 se
1138 1680 1245 1738 ducem

194 1771 414 1844 experirentur.
469 1771 658 1844 Frequenter
686 1773 766 1829 enirn
796 1773 875 1830 fusis
904 1775 1089 1832 exercitibus
1118 1780 1244 1850 nostris,

193 1869 388 1927 victoriarum
421 1887 543 1925 suarum
573 1870 730 1945 gradibus,
755 1871 869 1927 aditum
899 1869 989 1944 'juxta
1017 1876 1138 1930 moenia
1162 1877 1245 1934 urbis

192 1967 307 2024 Volsco
332 1966 420 2022 militi
448 1967 573 2024 struxit.
625 1967 717 2024 Missi
743 1969 782 2024 ad
807 1987 876 2025 eum
901 1970 1127 2043 deprecandum
1152 1973 1245 2050 legati

192 2065 267 2121 nihil
295 2065 503 2138 proiecerunt.
551 2065 642 2121 Missi
670 2065 781 2122 deinde
811 2067 998 2137 sacerdotes,
1029 2087 1096 2126 cum
1125 2071 1243 2143 infulis,

193 2180 288 2236 aeque
310 2163 376 2219 sine
398 2165 508 2220 effectu
523 2164 689 2220 redierunt.
736 2164 886 2237 Stupebat
903 2171 1048 2236 senatus;
1070 2170 1246 2243 trepidabat

192 2262 342 2335 populus:
365 2260 423 2316 viri
441 2262 556 2334 pariter
578 2279 614 2317 ac
635 2261 776 2317 mulieres
799 2262 926 2317 exitium
948 2262 1109 2321 imminens
1130 2266 1245 2324 lamen-

192 2359 347 2417 tabantur.

232 2458 319 2515 Tunc
340 2458 479 2526 Veturia,
497 2455 651 2514 Coriolani
673 2462 780 2525 mater,
800 2456 995 2514 Volumniam
1017 2476 1143 2517 uxorem
1165 2464 1241 2534 ejus,

181 2560 224 2620 ,et
247 2554 371 2625 liberOS,
395 2573 499 2612 secum
520 2555 656 2623 trahens,
680 2559 782 2610 castra
804 2554 983 2611 Volscorum
1006 2556 1102 2629 petiit.
1146 2557 1243 2629 Quam

192 2652 244 2708 ubi
265 2652 345 2709 filius
365 2652 520 2726 adspexit,
546 2656 567 2684 “
580 2651 808 2725 Expugnasti,’'
832 2652 939 2724 inquit,
966 2658 987 2684 “
1000 2658 1031 2709 et
1052 2654 1152 2711 vicisti
1167 2656 1243 2711 iram

193 2767 301 2818 meam,
315 2750 426 2823 patria,
441 2749 581 2823 precibus
593 2750 684 2821 hujus
697 2749 846 2817 admotis3
870 2751 959 2822 cujus
974 2751 1069 2807 amori
1084 2756 1125 2820 te,
1139 2769 1243 2825 quarn-

191 2846 239 2903 vis
263 2847 372 2903 merito
396 2846 469 2902 mihi
494 2846 636 2913 invisam,
662 2845 781 2902 dono.'⁷
834 2844 1046 2920 Continuoque
1073 2848 1241 2907 Romanum

178 2960 296 3018 ,agrum
313 2943 475 3000 hostilibus
491 2943 583 2999 armis
598 2943 750 3000 liberavit.

439 3159 487 3213 28.
519 3158 589 3212 Tun
611 3157 737 3214 Laruas
759 3173 798 3213 or
819 3157 998 3215 Hnacunns.
1050 3161 1052 3165 '

557 3287 617 3343 Tbe
633 3286 770 3342 Nemean
785 3286 876 3343 Lien.

232 3402 269 3457 In
284 3403 363 3460 valle
383 3403 518 3459 Nemeae
533 3402 582 3458 leo
596 3400 706 3475 ingens
721 3387 856 3468 vivebat,
873 3409 905 3458 et
918 3419 1028 3475 pecora
1042 3403 1241 3478 hominesque

191 3500 326 3571 quotidie
348 3492 559 3556 interfi'ciebat.
604 3498 806 3572 Eurystheus,
823 3514 877 3553 rex
892 3498 1060 3573 Tirynthis,
1077 3500 1240 3558 Herculem

192 3596 285 3653 adse
307 3595 480 3664 advocavit,
497 3595 584 3668 eique
607 3595 704 3651 dixit:
731 3592 860 3651 “Curae
882 3594 938 3651 tibi
960 3588 1001 3651 sit
1022 3596 1101 3654 hunc
1122 3597 1242 3656 leonem

190 3711 281 3767 quam
303 3693 457 3751 celerrime
478 3692 681 3751 interficere.'’
728 3690 838 3749 Statim
860 3692 1062 3765 proficiscitur
1078 3694 1239 3755 Hercules.

190 3790 287 3849 Clara
308 3792 489 3867 sagittisque
512 3793 628 3850 frustra
648 3809 734 3861 usne,
757 3790 872 3865 impetu
893 3791 990 3859 facte,
1006 3790 1123 3847 leonem
1146 3793 1242 3850 mani-

1252 4020 1261 4045 b
