2817 4300
156 343 221 408 120
342 358 557 406 snaacrrons
581 358 682 406 raon
703 357 817 404 namu
840 358 1019 408 aurnuns.

226 535 371 604 oppetere
386 534 417 586 et
430 529 492 586 late
507 534 618 586 terram
634 534 829 585 consternere
844 533 943 604 tergo.

227 625 361 696 Occidis,
376 626 512 701 Argivae
527 643 616 698 quem
630 642 693 682 non
708 633 833 699 potuere
847 625 1016 701 phalanges

153 731 211 781 545
227 728 364 781 sternere
379 740 436 780 nec
449 723 563 780 Priami
577 740 741 799 regnorum
756 739 879 780 eversor
893 723 1030 780 Achilles
1042 741 1049 791 ;

226 821 276 878 hic
291 820 346 879 tibi
360 821 466 878 mortis
481 825 570 879 erant
583 817 716 877 ¹metae:
733 821 842 878 domus
857 820 920 878 alta
935 821 992 877 sub
1006 821 1075 890 Ida,

227 915 374 994 ²Lyrnesi
387 919 497 975 domus
511 918 586 987 alta,
603 917 670 975 solo
684 918 837 975 Laurente
853 917 1055 992 sepulchrum.

389 1145 392 1148 ⁴
443 1079 503 1135 The
517 1081 633 1152 conflict
649 1079 779 1136 becomes
792 1079 923 1153 qaaercl.

228 1195 325 1251 Totae
341 1194 418 1250 adeo
432 1210 597 1251 conversae
613 1193 706 1263 acies,
723 1210 887 1266 omnesque
903 1193 1017 1261 Latini,

228 1308 334 1348 omnes
350 1290 558 1360 Dardanidae,
575 1291 758 1348 Mnestheus
773 1307 901 1364 acerque
917 1289 1057 1348 Serestus

156 1395 215 1446 550
230 1392 262 1445 et
276 1389 441 1461 Messapus
456 1404 566 1461 equum
581 1388 713 1444 domitor
727 1392 758 1445 et
776 1388 865 1445 fortis
879 1387 985 1444 Asilas

228 1485 457 1558 Tuscorumque
473 1484 608 1558 phalanx
623 1485 820 1558 Evandrique
834 1485 974 1543 Arcades
990 1485 1067 1555 alae,

230 1600 286 1657 pro
300 1599 333 1639 se
348 1583 475 1655 quisque
490 1582 547 1639 viri
562 1600 681 1638 summa
698 1583 837 1639 nituntur
850 1599 942 1656 opum
956 1583 1005 1640 vi:

230 1696 287 1737 nec
301 1696 386 1735 mora
401 1696 457 1736 nec
472 1679 602 1752 requies,
619 1684 710 1736 vasto
724 1679 888 1736 certamine
903 1680 1043 1737 tendunt.

186 1855 286 1917 Venas
294 1863 368 1929 puta
381 1858 405 1912 it
415 1858 479 1912 tato
493 1855 540 1912 the
554 1857 640 1912 mirrd
654 1857 693 1928 of
699 1856 826 1913 AEacas
840 1863 868 1912 to
883 1857 1033 1929 approach
1049 1857 1094 1913 the
1109 1859 1177 1930 city.

271 1971 332 2028 Hic
346 1975 479 2028 mentem
492 1969 618 2026 Aeneae
632 1970 774 2046 genetrix
789 1971 990 2044 pulcherrima
1003 1971 1098 2041 misit,

159 2075 215 2126 555
231 2067 289 2124 iret
302 2073 336 2124 ut
351 2067 390 2124 ad
405 2084 506 2123 muros
521 2067 647 2140 urbique
662 2068 836 2125 adverteret
850 2086 960 2144 agmen

231 2166 316 2224 ocius
328 2171 360 2223 et
373 2165 475 2222 subita
490 2164 627 2222 turbaret
640 2163 743 2223 ³clade
758 2166 896 2223 Latinos.

231 2262 288 2319 Ille
303 2268 337 2319 ut
351 2261 509 2337 vestigans
524 2262 646 2319 diversa
660 2279 715 2336 per
730 2266 852 2338 agmina
866 2264 1003 2320 Turnum

232 2360 290 2417 huc
305 2364 396 2434 atque
410 2360 468 2417 huc
482 2356 579 2416 ⁴acies
594 2360 788 2429 circumtulit,
806 2360 915 2434 aspicit
929 2362 1034 2419 urbem

232 2457 396 2514 immunem
410 2456 490 2513 tanti
504 2456 574 2513 belli
589 2463 679 2530 atque
694 2457 817 2531 impune
831 2458 976 2530 quietem.

159 2560 217 2612 560
232 2552 385 2612 Continuo
400 2571 519 2630 pugnae
535 2554 676 2611 adcendit
688 2554 811 2611 maioris
826 2555 945 2631 imago:

232 2651 396 2708 Mnesthea
411 2649 647 2727 Sergestumque
662 2656 754 2709 vocat
767 2652 936 2726 sortemque
953 2652 1108 2711 Serestum

233 2749 375 2806 ductores
389 2748 597 2822 tumulumque
612 2749 705 2822 capit,
722 2766 782 2823 quo
797 2756 898 2807 cetera
912 2750 1064 2808 Teucrum

232 2845 386 2904 concurrit
398 2844 479 2920 legio
494 2863 551 2903 nec
565 2850 652 2903 scuta
668 2851 722 2903 aut
736 2846 852 2920 spicula
866 2848 955 2905 densi

233 2943 400 3017 deponunt.
445 2940 536 2999 Celso
550 2943 667 3000 medius
682 2948 770 3001 stans
786 2961 896 3020 aggere
911 2946 1012 3002 fatur:

344 3103 470 3160 AErrece
484 3105 555 3159 stirs
568 3122 610 3177 up
624 3103 671 3159 the
685 3120 812 3178 cocrupe
827 3106 864 3177 of
872 3104 919 3161 his
933 3106 1012 3161 0105.

160 3225 217 3274 565
234 3222 242 3251 ‘
254 3218 364 3291 Neque
379 3216 454 3275 meis
469 3223 537 3275 esto
551 3218 641 3275 dictis
655 3236 759 3287 mora3
776 3218 914 3292 luppiter·
928 3220 984 3277 hac
999 3225 1072 3289 stat,

233 3332 293 3371 neu
306 3315 374 3387 quis
389 3315 428 3371 ob
444 3315 598 3388 inceptum
616 3315 750 3373 subitum
765 3316 838 3373 mihi
854 3316 976 3391 segnior
990 3318 1044 3374 ito.

231 3412 347 3470 Urbem
362 3412 463 3480 hodie,
480 3431 604 3470 causam
618 3412 700 3481 belli,
718 3430 813 3489 regna
827 3413 895 3486 ipsa
910 3414 1022 3483 Latini,

382 3540 392 3573 ¹
404 3547 504 3591 metae:
521 3558 574 3606 spa.
587 3542 654 3590 finis.

382 3622 393 3654 ²
404 3624 523 3685 Lyrnesi,
536 3622 667 3687 lyrnesus,
679 3624 774 3673 civitas
787 3629 827 3673 est
839 3625 979 3687 Phrygiae.

381 3703 393 3736 ⁸
404 3705 480 3753 clade
494 3705 567 3768 (sear
577 3707 629 3769 of),
641 3704 731 3770 defeat.

381 3784 483 3845 *aeica
494 3785 568 3834 either
580 3788 678 3846 oculos,
690 3804 718 3835 or
729 3787 765 3835 tle
777 3804 868 3851 enemy.
