<?xml version="1.0" encoding="UTF-8"?>
<!DOCTYPE html PUBLIC "-//W3C//DTD XHTML 1.0 Transitional//EN"
    "http://www.w3.org/TR/xhtml1/DTD/xhtml1-transitional.dtd">
<html xmlns="http://www.w3.org/1999/xhtml" xml:lang="en" lang="en">
 <head>
  <title>
</title>
<meta http-equiv="Content-Type" content="text/html;charset=utf-8" />
  <meta name='ocr-system' content='tesseract 3.04.00' />
  <meta name='ocr-capabilities' content='ocr_page ocr_carea ocr_par ocr_line ocrx_word'/>
</head>
<body>
  <div class='ocr_page' id='page_1' title='image "./selectionsfroml01tomlgoog_0238.png"; bbox 0 0 2817 4300; ppageno 0'>
   <div class='ocr_carea' id='block_1_1' title="bbox 186 336 1051 404">
    <p class='ocr_par' dir='ltr' id='par_1_1' title="bbox 186 336 1051 404">
     <span class='ocr_line' id='line_1_1' title="bbox 186 336 1051 404; baseline 0.001 -1"><span class='ocrx_word' id='word_1_1' title='bbox 186 336 250 403; x_wconf 82' lang='grc'>218</span> <span class='ocrx_word' id='word_1_2' title='bbox 368 355 586 402; x_wconf 83' lang='lat' dir='ltr'>snnnurrons</span> <span class='ocrx_word' id='word_1_3' title='bbox 610 356 712 402; x_wconf 79' lang='lat' dir='ltr'>raon</span> <span class='ocrx_word' id='word_1_4' title='bbox 734 357 846 402; x_wconf 74' lang='lat' dir='ltr'>narra</span> <span class='ocrx_word' id='word_1_5' title='bbox 868 357 1051 404; x_wconf 76' lang='lat' dir='ltr'>aurnuns.</span> 
     </span>
    </p>
   </div>
   <div class='ocr_carea' id='block_1_2' title="bbox 180 526 1239 2159">
    <p class='ocr_par' dir='ltr' id='par_1_2' title="bbox 180 526 1239 2159">
     <span class='ocr_line' id='line_1_2' title="bbox 185 526 1239 602; baseline 0 -18"><span class='ocrx_word' id='word_1_6' title='bbox 185 545 305 602; x_wconf 92' lang='lat' dir='ltr'>quoque</span> <span class='ocrx_word' id='word_1_7' title='bbox 321 526 427 583; x_wconf 86' lang='lat' dir='ltr'>urbem</span> <span class='ocrx_word' id='word_1_8' title='bbox 437 544 510 600; x_wconf 87' lang='lat' dir='ltr'>spes</span> <span class='ocrx_word' id='word_1_9' title='bbox 521 527 610 601; x_wconf 87' lang='lat' dir='ltr'>pulso</span> <span class='ocrx_word' id='word_1_10' title='bbox 621 545 640 582; x_wconf 89' lang='lat' dir='ltr'>a</span> <span class='ocrx_word' id='word_1_11' title='bbox 650 526 809 584; x_wconf 87' lang='lat' dir='ltr'>moenibus</span> <span class='ocrx_word' id='word_1_12' title='bbox 821 528 965 601; x_wconf 88' lang='lat' dir='ltr'>adempta</span> <span class='ocrx_word' id='word_1_13' title='bbox 976 534 1068 598; x_wconf 89' lang='lat' dir='ltr'>esset,</span> <span class='ocrx_word' id='word_1_14' title='bbox 1082 533 1239 601; x_wconf 90' lang='lat' dir='ltr'>postremo</span> 
     </span>
     <span class='ocr_line' id='line_1_3' title="bbox 186 623 1238 700; baseline 0 -19"><span class='ocrx_word' id='word_1_15' title='bbox 186 625 309 681; x_wconf 93' lang='lat' dir='ltr'>minime</span> <span class='ocrx_word' id='word_1_16' title='bbox 330 631 395 681; x_wconf 87' lang='lat' dir='ltr'>arte</span> <span class='ocrx_word' id='word_1_17' title='bbox 417 623 568 692; x_wconf 87' lang='lat' dir='ltr'>Romana,</span> <span class='ocrx_word' id='word_1_18' title='bbox 585 624 695 681; x_wconf 85' lang='lat' dir='ltr'>fraude</span> <span class='ocrx_word' id='word_1_19' title='bbox 717 642 753 682; x_wconf 87' lang='lat' dir='ltr'>ac</span> <span class='ocrx_word' id='word_1_20' title='bbox 774 625 854 696; x_wconf 88' lang='lat' dir='ltr'>dolo,</span> <span class='ocrx_word' id='word_1_21' title='bbox 870 641 1034 700; x_wconf 82' lang='lat' dir='ltr'>aggressus</span> <span class='ocrx_word' id='word_1_22' title='bbox 1056 630 1111 682; x_wconf 90' lang='lat' dir='ltr'>est.</span> <span class='ocrx_word' id='word_1_23' title='bbox 1154 625 1238 681; x_wconf 89' lang='lat' dir='ltr'>Nam</span> 
     </span>
     <span class='ocr_line' id='line_1_4' title="bbox 185 720 1237 796; baseline 0.001 -19"><span class='ocrx_word' id='word_1_24' title='bbox 185 740 290 795; x_wconf 87' lang='lat' dir='ltr'>quum,</span> <span class='ocrx_word' id='word_1_25' title='bbox 306 720 391 778; x_wconf 88' lang='lat' dir='ltr'>velut</span> <span class='ocrx_word' id='word_1_26' title='bbox 405 722 506 795; x_wconf 88' lang='lat' dir='ltr'>posito</span> <span class='ocrx_word' id='word_1_27' title='bbox 521 720 612 792; x_wconf 91' lang='lat' dir='ltr'>bello,</span> <span class='ocrx_word' id='word_1_28' title='bbox 630 722 839 780; x_wconf 83' lang='lat' dir='ltr'>fundamentis</span> <span class='ocrx_word' id='word_1_29' title='bbox 861 722 965 796; x_wconf 91' lang='lat' dir='ltr'>templi</span> <span class='ocrx_word' id='word_1_30' title='bbox 983 722 1133 796; x_wconf 87' lang='lat' dir='ltr'>jaciendis</span> <span class='ocrx_word' id='word_1_31' title='bbox 1154 721 1237 778; x_wconf 88' lang='lat' dir='ltr'>aliis-</span> 
     </span>
     <span class='ocr_line' id='line_1_5' title="bbox 185 818 1237 893; baseline 0.002 -19"><span class='ocrx_word' id='word_1_32' title='bbox 185 837 245 893; x_wconf 87' lang='lat' dir='ltr'>que</span> <span class='ocrx_word' id='word_1_33' title='bbox 260 819 385 875; x_wconf 88' lang='lat' dir='ltr'>urbanis</span> <span class='ocrx_word' id='word_1_34' title='bbox 400 819 544 893; x_wconf 86' lang='lat' dir='ltr'>operibus</span> <span class='ocrx_word' id='word_1_35' title='bbox 559 819 710 877; x_wconf 90' lang='lat' dir='ltr'>intentum</span> <span class='ocrx_word' id='word_1_36' title='bbox 725 837 758 877; x_wconf 91' lang='lat' dir='ltr'>se</span> <span class='ocrx_word' id='word_1_37' title='bbox 770 838 837 878; x_wconf 85' lang='lat' dir='ltr'>esse</span> <span class='ocrx_word' id='word_1_38' title='bbox 849 820 1016 889; x_wconf 80' lang='lat' dir='ltr'>simularet,</span> <span class='ocrx_word' id='word_1_39' title='bbox 1031 819 1144 878; x_wconf 82' lang='lat' dir='ltr'>Sextus</span> <span class='ocrx_word' id='word_1_40' title='bbox 1156 818 1237 876; x_wconf 91' lang='lat' dir='ltr'>filius</span> 
     </span>
     <span class='ocr_line' id='line_1_6' title="bbox 185 917 1238 994; baseline 0.001 -22"><span class='ocrx_word' id='word_1_41' title='bbox 185 918 265 989; x_wconf 86' lang='lat' dir='ltr'>ejus,</span> <span class='ocrx_word' id='word_1_42' title='bbox 288 917 339 991; x_wconf 91' lang='lat' dir='ltr'>qui</span> <span class='ocrx_word' id='word_1_43' title='bbox 362 917 504 973; x_wconf 91' lang='lat' dir='ltr'>minimus</span> <span class='ocrx_word' id='word_1_44' title='bbox 525 935 565 973; x_wconf 88' lang='lat' dir='ltr'>ex</span> <span class='ocrx_word' id='word_1_45' title='bbox 586 917 785 988; x_wconf 70' lang='lat' dir='ltr'>tribuserat,</span> <span class='ocrx_word' id='word_1_46' title='bbox 808 917 977 994; x_wconf 75' lang='lat' dir='ltr'>transfugit</span> <span class='ocrx_word' id='word_1_47' title='bbox 1001 935 1041 974; x_wconf 87' lang='lat' dir='ltr'>ex</span> <span class='ocrx_word' id='word_1_48' title='bbox 1066 917 1238 991; x_wconf 86' lang='lat' dir='ltr'>composito</span> 
     </span>
     <span class='ocr_line' id='line_1_7' title="bbox 186 1013 1234 1088; baseline 0 -18"><span class='ocrx_word' id='word_1_49' title='bbox 186 1013 316 1083; x_wconf 83' lang='lat' dir='ltr'>Gabios,</span> <span class='ocrx_word' id='word_1_50' title='bbox 347 1015 442 1088; x_wconf 89' lang='lat' dir='ltr'>patris</span> <span class='ocrx_word' id='word_1_51' title='bbox 471 1014 502 1070; x_wconf 92' lang='lat' dir='ltr'>in</span> <span class='ocrx_word' id='word_1_52' title='bbox 530 1032 564 1071; x_wconf 90' lang='lat' dir='ltr'>se</span> <span class='ocrx_word' id='word_1_53' title='bbox 592 1015 754 1072; x_wconf 88' lang='lat' dir='ltr'>saevitiam</span> <span class='ocrx_word' id='word_1_54' title='bbox 782 1014 1005 1072; x_wconf 83' lang='lat' dir='ltr'>intolerabilem</span> <span class='ocrx_word' id='word_1_55' title='bbox 1033 1031 1234 1088; x_wconf 87' lang='lat' dir='ltr'>conquerens.</span> 
     </span>
     <span class='ocr_line' id='line_1_8' title="bbox 185 1110 1234 1186; baseline 0 -19"><span class='ocrx_word' id='word_1_56' title='bbox 185 1111 323 1186; x_wconf 84' lang='lat' dir='ltr'>Benigne</span> <span class='ocrx_word' id='word_1_57' title='bbox 339 1112 378 1167; x_wconf 89' lang='lat' dir='ltr'>ab</span> <span class='ocrx_word' id='word_1_58' title='bbox 393 1110 524 1168; x_wconf 92' lang='lat' dir='ltr'>Gabinis</span> <span class='ocrx_word' id='word_1_59' title='bbox 539 1117 698 1186; x_wconf 79' lang='lat' dir='ltr'>exceptae,</span> <span class='ocrx_word' id='word_1_60' title='bbox 712 1118 743 1170; x_wconf 91' lang='lat' dir='ltr'>et</span> <span class='ocrx_word' id='word_1_61' title='bbox 754 1112 785 1169; x_wconf 92' lang='lat' dir='ltr'>in</span> <span class='ocrx_word' id='word_1_62' title='bbox 796 1112 925 1170; x_wconf 89' lang='lat' dir='ltr'>consilia</span> <span class='ocrx_word' id='word_1_63' title='bbox 935 1111 1057 1186; x_wconf 88' lang='lat' dir='ltr'>publica</span> <span class='ocrx_word' id='word_1_64' title='bbox 1068 1111 1234 1179; x_wconf 89' lang='lat' dir='ltr'>adhibitus,</span> 
     </span>
     <span class='ocr_line' id='line_1_9' title="bbox 185 1208 1236 1285; baseline 0 -21"><span class='ocrx_word' id='word_1_65' title='bbox 185 1208 249 1265; x_wconf 85' lang='lat' dir='ltr'>dux</span> <span class='ocrx_word' id='word_1_66' title='bbox 264 1210 303 1265; x_wconf 88' lang='lat' dir='ltr'>ad</span> <span class='ocrx_word' id='word_1_67' title='bbox 317 1209 456 1265; x_wconf 86' lang='lat' dir='ltr'>ultimum</span> <span class='ocrx_word' id='word_1_68' title='bbox 477 1209 549 1266; x_wconf 91' lang='lat' dir='ltr'>belli</span> <span class='ocrx_word' id='word_1_69' title='bbox 570 1209 690 1285; x_wconf 88' lang='lat' dir='ltr'>legitur.</span> <span class='ocrx_word' id='word_1_70' title='bbox 735 1209 784 1266; x_wconf 92' lang='lat' dir='ltr'>Ibi</span> <span class='ocrx_word' id='word_1_71' title='bbox 804 1227 909 1282; x_wconf 93' lang='lat' dir='ltr'>quum,</span> <span class='ocrx_word' id='word_1_72' title='bbox 926 1209 1022 1266; x_wconf 89' lang='lat' dir='ltr'>inscia</span> <span class='ocrx_word' id='word_1_73' title='bbox 1043 1208 1236 1266; x_wconf 88' lang='lat' dir='ltr'>multitudine</span> 
     </span>
     <span class='ocr_line' id='line_1_10' title="bbox 184 1305 1235 1381; baseline -0.002 -18"><span class='ocrx_word' id='word_1_74' title='bbox 184 1305 258 1379; x_wconf 90' lang='lat' dir='ltr'>quid</span> <span class='ocrx_word' id='word_1_75' title='bbox 274 1312 425 1381; x_wconf 81' lang='lat' dir='ltr'>ageretur,</span> <span class='ocrx_word' id='word_1_76' title='bbox 442 1305 557 1380; x_wconf 89' lang='lat' dir='ltr'>proelia</span> <span class='ocrx_word' id='word_1_77' title='bbox 571 1325 667 1379; x_wconf 88' lang='lat' dir='ltr'>parva</span> <span class='ocrx_word' id='word_1_78' title='bbox 681 1307 760 1364; x_wconf 89' lang='lat' dir='ltr'>inter</span> <span class='ocrx_word' id='word_1_79' title='bbox 775 1307 904 1363; x_wconf 85' lang='lat' dir='ltr'>Romam</span> <span class='ocrx_word' id='word_1_80' title='bbox 919 1305 1095 1380; x_wconf 83' lang='lat' dir='ltr'>Gabiosque</span> <span class='ocrx_word' id='word_1_81' title='bbox 1115 1307 1235 1375; x_wconf 88' lang='lat' dir='ltr'>fierent,</span> 
     </span>
     <span class='ocr_line' id='line_1_11' title="bbox 184 1402 1235 1478; baseline 0.005 -19"><span class='ocrx_word' id='word_1_82' title='bbox 184 1404 295 1477; x_wconf 92' lang='lat' dir='ltr'>quibus</span> <span class='ocrx_word' id='word_1_83' title='bbox 315 1403 491 1478; x_wconf 90' lang='lat' dir='ltr'>plerumque</span> <span class='ocrx_word' id='word_1_84' title='bbox 513 1402 636 1461; x_wconf 86' lang='lat' dir='ltr'>Gabina</span> <span class='ocrx_word' id='word_1_85' title='bbox 657 1422 706 1460; x_wconf 90' lang='lat' dir='ltr'>res</span> <span class='ocrx_word' id='word_1_86' title='bbox 729 1404 866 1477; x_wconf 88' lang='lat' dir='ltr'>superior</span> <span class='ocrx_word' id='word_1_87' title='bbox 887 1411 986 1473; x_wconf 83' lang='lat' dir='ltr'>esset3</span> <span class='ocrx_word' id='word_1_88' title='bbox 1009 1409 1075 1462; x_wconf 88' lang='lat' dir='ltr'>tum</span> <span class='ocrx_word' id='word_1_89' title='bbox 1096 1403 1235 1464; x_wconf 86' lang='lat' dir='ltr'>certatim</span> 
     </span>
     <span class='ocr_line' id='line_1_12' title="bbox 185 1488 1236 1574; baseline 0.001 -18"><span class='ocrx_word' id='word_1_90' title='bbox 185 1501 295 1557; x_wconf 90' lang='lat' dir='ltr'>summi</span> <span class='ocrx_word' id='word_1_91' title='bbox 320 1501 474 1574; x_wconf 89' lang='lat' dir='ltr'>infimique</span> <span class='ocrx_word' id='word_1_92' title='bbox 499 1499 689 1558; x_wconf 88' lang='lat' dir='ltr'>Gabinorum</span> <span class='ocrx_word' id='word_1_93' title='bbox 715 1501 788 1559; x_wconf 86' lang='lat' dir='ltr'>Sex.</span> <span class='ocrx_word' id='word_1_94' title='bbox 815 1502 1014 1574; x_wconf 85' lang='lat' dir='ltr'>Tarquinium</span> <span class='ocrx_word' id='word_1_95' title='bbox 1038 1488 1120 1558; x_wconf 85' lang='lat' dir='ltr'>dono</span> <span class='ocrx_word' id='word_1_96' title='bbox 1144 1502 1236 1558; x_wconf 90' lang='lat' dir='ltr'>deum</span> 
     </span>
     <span class='ocr_line' id='line_1_13' title="bbox 185 1598 1236 1672; baseline 0.001 -18"><span class='ocrx_word' id='word_1_97' title='bbox 185 1598 244 1654; x_wconf 88' lang='lat' dir='ltr'>sibi</span> <span class='ocrx_word' id='word_1_98' title='bbox 269 1598 396 1655; x_wconf 90' lang='lat' dir='ltr'>missum</span> <span class='ocrx_word' id='word_1_99' title='bbox 421 1599 530 1655; x_wconf 90' lang='lat' dir='ltr'>ducem</span> <span class='ocrx_word' id='word_1_100' title='bbox 557 1599 691 1655; x_wconf 89' lang='lat' dir='ltr'>credere.</span> <span class='ocrx_word' id='word_1_101' title='bbox 735 1599 829 1672; x_wconf 82' lang='lat' dir='ltr'>Apud</span> <span class='ocrx_word' id='word_1_102' title='bbox 857 1598 968 1656; x_wconf 85' lang='lat' dir='ltr'>milites</span> <span class='ocrx_word' id='word_1_103' title='bbox 993 1616 1066 1656; x_wconf 83' lang='lat' dir='ltr'>vero</span> <span class='ocrx_word' id='word_1_104' title='bbox 1093 1598 1236 1655; x_wconf 91' lang='lat' dir='ltr'>obeundo</span> 
     </span>
     <span class='ocr_line' id='line_1_14' title="bbox 185 1694 1237 1771; baseline 0 -19"><span class='ocrx_word' id='word_1_105' title='bbox 185 1695 319 1769; x_wconf 90' lang='lat' dir='ltr'>pericula</span> <span class='ocrx_word' id='word_1_106' title='bbox 334 1713 370 1752; x_wconf 89' lang='lat' dir='ltr'>ac</span> <span class='ocrx_word' id='word_1_107' title='bbox 384 1694 516 1765; x_wconf 78' lang='lat' dir='ltr'>laboreS,</span> <span class='ocrx_word' id='word_1_108' title='bbox 529 1695 643 1770; x_wconf 91' lang='lat' dir='ltr'>pariter</span> <span class='ocrx_word' id='word_1_109' title='bbox 653 1696 799 1769; x_wconf 87' lang='lat' dir='ltr'>praedam</span> <span class='ocrx_word' id='word_1_110' title='bbox 810 1697 950 1753; x_wconf 90' lang='lat' dir='ltr'>munifice</span> <span class='ocrx_word' id='word_1_111' title='bbox 964 1694 1134 1771; x_wconf 88' lang='lat' dir='ltr'>largiendo,</span> <span class='ocrx_word' id='word_1_112' title='bbox 1147 1700 1237 1753; x_wconf 87' lang='lat' dir='ltr'>tanta</span> 
     </span>
     <span class='ocr_line' id='line_1_15' title="bbox 185 1793 1237 1867; baseline -0.001 -17"><span class='ocrx_word' id='word_1_113' title='bbox 185 1793 312 1850; x_wconf 88' lang='lat' dir='ltr'>caritate</span> <span class='ocrx_word' id='word_1_114' title='bbox 327 1811 407 1862; x_wconf 89' lang='lat' dir='ltr'>esse,</span> <span class='ocrx_word' id='word_1_115' title='bbox 420 1798 455 1849; x_wconf 91' lang='lat' dir='ltr'>ut</span> <span class='ocrx_word' id='word_1_116' title='bbox 469 1811 530 1850; x_wconf 95' lang='lat' dir='ltr'>non</span> <span class='ocrx_word' id='word_1_117' title='bbox 545 1800 633 1867; x_wconf 87' lang='lat' dir='ltr'>pater</span> <span class='ocrx_word' id='word_1_118' title='bbox 643 1793 827 1866; x_wconf 88' lang='lat' dir='ltr'>Tarquinius</span> <span class='ocrx_word' id='word_1_119' title='bbox 839 1793 993 1867; x_wconf 89' lang='lat' dir='ltr'>potentior</span> <span class='ocrx_word' id='word_1_120' title='bbox 1004 1793 1130 1863; x_wconf 87' lang='lat' dir='ltr'>Romae,</span> <span class='ocrx_word' id='word_1_121' title='bbox 1142 1810 1237 1866; x_wconf 88' lang='lat' dir='ltr'>quarn</span> 
     </span>
     <span class='ocr_line' id='line_1_16' title="bbox 180 1883 1237 1964; baseline 0.002 -18"><span class='ocrx_word' id='word_1_122' title='bbox 180 1883 264 1947; x_wconf 80' lang='lat' dir='ltr'>&#39;iilius</span> <span class='ocrx_word' id='word_1_123' title='bbox 280 1890 389 1948; x_wconf 87' lang='lat' dir='ltr'>Gabiis</span> <span class='ocrx_word' id='word_1_124' title='bbox 404 1895 496 1947; x_wconf 87' lang='lat' dir='ltr'>esset.</span> <span class='ocrx_word' id='word_1_125' title='bbox 540 1891 660 1962; x_wconf 86' lang='lat' dir='ltr'>Itaque,</span> <span class='ocrx_word' id='word_1_126' title='bbox 677 1897 840 1964; x_wconf 85' lang='lat' dir='ltr'>postquam</span> <span class='ocrx_word' id='word_1_127' title='bbox 856 1890 932 1948; x_wconf 89' lang='lat' dir='ltr'>satis</span> <span class='ocrx_word' id='word_1_128' title='bbox 946 1891 1056 1947; x_wconf 90' lang='lat' dir='ltr'>virium</span> <span class='ocrx_word' id='word_1_129' title='bbox 1075 1890 1237 1948; x_wconf 90' lang='lat' dir='ltr'>collectum</span> 
     </span>
     <span class='ocr_line' id='line_1_17' title="bbox 185 1987 1235 2057; baseline 0.001 -14"><span class='ocrx_word' id='word_1_130' title='bbox 185 1987 225 2044; x_wconf 87' lang='lat' dir='ltr'>ad</span> <span class='ocrx_word' id='word_1_131' title='bbox 252 2005 359 2044; x_wconf 91' lang='lat' dir='ltr'>omnes</span> <span class='ocrx_word' id='word_1_132' title='bbox 387 1992 516 2044; x_wconf 90' lang='lat' dir='ltr'>conatus</span> <span class='ocrx_word' id='word_1_133' title='bbox 546 1988 682 2057; x_wconf 90' lang='lat' dir='ltr'>videbat,</span> <span class='ocrx_word' id='word_1_134' title='bbox 699 1994 763 2044; x_wconf 88' lang='lat' dir='ltr'>tum</span> <span class='ocrx_word' id='word_1_135' title='bbox 789 2006 805 2045; x_wconf 92' lang='lat' dir='ltr'>e</span> <span class='ocrx_word' id='word_1_136' title='bbox 834 1989 897 2044; x_wconf 88' lang='lat' dir='ltr'>suis</span> <span class='ocrx_word' id='word_1_137' title='bbox 925 2006 1019 2044; x_wconf 91' lang='lat' dir='ltr'>unum</span> <span class='ocrx_word' id='word_1_138' title='bbox 1046 1988 1235 2046; x_wconf 81' lang='lat' dir='ltr'>sciscitatum</span> 
     </span>
     <span class='ocr_line' id='line_1_18' title="bbox 185 2084 1236 2159; baseline 0.002 -19"><span class='ocrx_word' id='word_1_139' title='bbox 185 2084 315 2141; x_wconf 87' lang='lat' dir='ltr'>Romam</span> <span class='ocrx_word' id='word_1_140' title='bbox 337 2085 375 2141; x_wconf 85' lang='lat' dir='ltr'>ad</span> <span class='ocrx_word' id='word_1_141' title='bbox 398 2090 516 2159; x_wconf 88' lang='lat' dir='ltr'>patrem</span> <span class='ocrx_word' id='word_1_142' title='bbox 536 2085 641 2155; x_wconf 88' lang='lat' dir='ltr'>mittit,</span> <span class='ocrx_word' id='word_1_143' title='bbox 660 2085 807 2159; x_wconf 89' lang='lat' dir='ltr'>quidnam</span> <span class='ocrx_word' id='word_1_144' title='bbox 828 2103 861 2142; x_wconf 88' lang='lat' dir='ltr'>se</span> <span class='ocrx_word' id='word_1_145' title='bbox 883 2086 985 2143; x_wconf 85' lang='lat' dir='ltr'>facere</span> <span class='ocrx_word' id='word_1_146' title='bbox 1006 2085 1109 2142; x_wconf 83' lang='lat' dir='ltr'>vellet.</span> <span class='ocrx_word' id='word_1_147' title='bbox 1153 2085 1236 2142; x_wconf 92' lang='lat' dir='ltr'>Huic</span> 
     </span>
    </p>
   </div>
   <div class='ocr_carea' id='block_1_3' title="bbox 108 2183 1235 2256">
    <p class='ocr_par' dir='ltr' id='par_1_3' title="bbox 108 2183 1235 2256">
     <span class='ocr_line' id='line_1_19' title="bbox 108 2183 1235 2256; baseline 0.001 -17"><span class='ocrx_word' id='word_1_148' title='bbox 108 2206 111 2214; x_wconf 96' lang='lat'>·</span> <span class='ocrx_word' id='word_1_149' title='bbox 184 2184 304 2252; x_wconf 83' lang='lat' dir='ltr'>nuntie,</span> <span class='ocrx_word' id='word_1_150' title='bbox 327 2183 410 2256; x_wconf 87' lang='lat' dir='ltr'>quia,</span> <span class='ocrx_word' id='word_1_151' title='bbox 433 2184 536 2251; x_wconf 89' lang='lat' dir='ltr'>credo,</span> <span class='ocrx_word' id='word_1_152' title='bbox 560 2184 671 2239; x_wconf 89' lang='lat' dir='ltr'>dubiae</span> <span class='ocrx_word' id='word_1_153' title='bbox 697 2184 766 2240; x_wconf 86' lang='lat' dir='ltr'>fidei</span> <span class='ocrx_word' id='word_1_154' title='bbox 792 2185 963 2252; x_wconf 86' lang='lat' dir='ltr'>videbatur,</span> <span class='ocrx_word' id='word_1_155' title='bbox 990 2183 1065 2240; x_wconf 93' lang='lat' dir='ltr'>nihil</span> <span class='ocrx_word' id='word_1_156' title='bbox 1088 2200 1163 2241; x_wconf 88' lang='lat' dir='ltr'>voce</span> <span class='ocrx_word' id='word_1_157' title='bbox 1189 2201 1235 2240; x_wconf 91' lang='lat' dir='ltr'>re-</span> 
     </span>
    </p>
   </div>
   <div class='ocr_carea' id='block_1_4' title="bbox 184 2277 1236 2451">
    <p class='ocr_par' dir='ltr' id='par_1_4' title="bbox 184 2277 1236 2451">
     <span class='ocr_line' id='line_1_20' title="bbox 185 2277 1236 2354; baseline 0.002 -19"><span class='ocrx_word' id='word_1_158' title='bbox 185 2297 332 2354; x_wconf 85' lang='lat' dir='ltr'>sponsum</span> <span class='ocrx_word' id='word_1_159' title='bbox 347 2285 404 2337; x_wconf 88' lang='lat' dir='ltr'>est.</span> <span class='ocrx_word' id='word_1_160' title='bbox 450 2280 529 2348; x_wconf 86' lang='lat' dir='ltr'>Rex,</span> <span class='ocrx_word' id='word_1_161' title='bbox 546 2280 630 2337; x_wconf 87' lang='lat' dir='ltr'>velut</span> <span class='ocrx_word' id='word_1_162' title='bbox 644 2280 913 2348; x_wconf 77' lang='lat' dir='ltr'>deliberabunduS,</span> <span class='ocrx_word' id='word_1_163' title='bbox 930 2282 961 2337; x_wconf 91' lang='lat' dir='ltr'>in</span> <span class='ocrx_word' id='word_1_164' title='bbox 976 2281 1097 2338; x_wconf 91' lang='lat' dir='ltr'>hortum</span> <span class='ocrx_word' id='word_1_165' title='bbox 1114 2277 1236 2338; x_wconf 74' lang='lat' dir='ltr'>aedium</span> 
     </span>
     <span class='ocr_line' id='line_1_21' title="bbox 184 2377 1236 2451; baseline -0.001 -17"><span class='ocrx_word' id='word_1_166' title='bbox 184 2377 306 2443; x_wconf 80' lang='lat' dir='ltr'>transit,</span> <span class='ocrx_word' id='word_1_167' title='bbox 324 2382 471 2451; x_wconf 88' lang='lat' dir='ltr'>sequente</span> <span class='ocrx_word' id='word_1_168' title='bbox 487 2378 594 2434; x_wconf 90' lang='lat' dir='ltr'>nuntio</span> <span class='ocrx_word' id='word_1_169' title='bbox 609 2378 679 2433; x_wconf 89' lang='lat' dir='ltr'>lilii:</span> <span class='ocrx_word' id='word_1_170' title='bbox 702 2378 755 2445; x_wconf 90' lang='lat' dir='ltr'>ibi,</span> <span class='ocrx_word' id='word_1_171' title='bbox 770 2378 962 2446; x_wconf 86' lang='lat' dir='ltr'>inambulans</span> <span class='ocrx_word' id='word_1_172' title='bbox 977 2378 1100 2447; x_wconf 87' lang='lat' dir='ltr'>tacitus,</span> <span class='ocrx_word' id='word_1_173' title='bbox 1117 2396 1236 2434; x_wconf 88' lang='lat' dir='ltr'>summa</span> 
     </span>
    </p>
   </div>
   <div class='ocr_carea' id='block_1_5' title="bbox 89 2474 1236 2550">
    <p class='ocr_par' dir='ltr' id='par_1_5' title="bbox 89 2474 1236 2550">
     <span class='ocr_line' id='line_1_22' title="bbox 89 2474 1236 2550; baseline 0 -19"><span class='ocrx_word' id='word_1_174' title='bbox 89 2513 91 2517; x_wconf 92' lang='lat'>-</span> <span class='ocrx_word' id='word_1_175' title='bbox 184 2492 371 2549; x_wconf 88' lang='lat' dir='ltr'>papaverum</span> <span class='ocrx_word' id='word_1_176' title='bbox 396 2474 499 2548; x_wconf 88' lang='lat' dir='ltr'>capita</span> <span class='ocrx_word' id='word_1_177' title='bbox 527 2475 638 2531; x_wconf 89' lang='lat' dir='ltr'>dicitur</span> <span class='ocrx_word' id='word_1_178' title='bbox 662 2474 772 2531; x_wconf 87' lang='lat' dir='ltr'>baculo</span> <span class='ocrx_word' id='word_1_179' title='bbox 800 2476 967 2532; x_wconf 88' lang='lat' dir='ltr'>decussise.</span> <span class='ocrx_word' id='word_1_180' title='bbox 1012 2474 1236 2550; x_wconf 84' lang='lat' dir='ltr'>Interrogando</span> 
     </span>
    </p>
   </div>
   <div class='ocr_carea' id='block_1_6' title="bbox 183 2572 1235 3524">
    <p class='ocr_par' dir='ltr' id='par_1_6' title="bbox 183 2572 1235 3524">
     <span class='ocr_line' id='line_1_23' title="bbox 184 2572 1233 2646; baseline -0.001 -17"><span class='ocrx_word' id='word_1_181' title='bbox 184 2572 455 2646; x_wconf 80' lang='lat' dir='ltr'>exspectandoque</span> <span class='ocrx_word' id='word_1_182' title='bbox 470 2590 650 2645; x_wconf 90' lang='lat' dir='ltr'>responsum</span> <span class='ocrx_word' id='word_1_183' title='bbox 665 2574 790 2630; x_wconf 89' lang='lat' dir='ltr'>nuntius</span> <span class='ocrx_word' id='word_1_184' title='bbox 805 2573 919 2642; x_wconf 80' lang='lat' dir='ltr'>fessus,</span> <span class='ocrx_word' id='word_1_185' title='bbox 936 2578 970 2629; x_wconf 90' lang='lat' dir='ltr'>ut</span> <span class='ocrx_word' id='word_1_186' title='bbox 990 2590 1023 2629; x_wconf 89' lang='lat' dir='ltr'>re</span> <span class='ocrx_word' id='word_1_187' title='bbox 1044 2572 1233 2645; x_wconf 82' lang='lat' dir='ltr'>imperfecta,</span> 
     </span>
     <span class='ocr_line' id='line_1_24' title="bbox 184 2654 1235 2744; baseline 0.001 -19"><span class='ocrx_word' id='word_1_188' title='bbox 184 2670 264 2725; x_wconf 90' lang='lat' dir='ltr'>redit</span> <span class='ocrx_word' id='word_1_189' title='bbox 278 2667 396 2726; x_wconf 87' lang='lat' dir='ltr'>Gabios</span> <span class='ocrx_word' id='word_1_190' title='bbox 409 2688 416 2737; x_wconf 92' lang='lat'>;</span> <span class='ocrx_word' id='word_1_191' title='bbox 438 2687 517 2744; x_wconf 89' lang='lat' dir='ltr'>quae</span> <span class='ocrx_word' id='word_1_192' title='bbox 531 2670 645 2726; x_wconf 86' lang='lat' dir='ltr'>dixerit</span> <span class='ocrx_word' id='word_1_193' title='bbox 658 2670 735 2744; x_wconf 86' lang='lat' dir='ltr'>ipse,</span> <span class='ocrx_word' id='word_1_194' title='bbox 752 2654 891 2744; x_wconf 80' lang='lat' dir='ltr'>quaeque</span> <span class='ocrx_word' id='word_1_195' title='bbox 905 2670 1026 2740; x_wconf 86' lang='lat' dir='ltr'>viderit,</span> <span class='ocrx_word' id='word_1_196' title='bbox 1043 2670 1156 2727; x_wconf 81' lang='lat' dir='ltr'>refert:</span> <span class='ocrx_word' id='word_1_197' title='bbox 1180 2686 1235 2726; x_wconf 91' lang='lat' dir='ltr'>seu</span> 
     </span>
     <span class='ocr_line' id='line_1_25' title="bbox 184 2767 1234 2841; baseline 0.003 -19"><span class='ocrx_word' id='word_1_198' title='bbox 184 2767 240 2834; x_wconf 86' lang='lat' dir='ltr'>ira,</span> <span class='ocrx_word' id='word_1_199' title='bbox 257 2783 313 2822; x_wconf 90' lang='lat' dir='ltr'>seu</span> <span class='ocrx_word' id='word_1_200' title='bbox 326 2767 409 2836; x_wconf 86' lang='lat' dir='ltr'>odiu,</span> <span class='ocrx_word' id='word_1_201' title='bbox 426 2784 479 2823; x_wconf 90' lang='lat' dir='ltr'>seu</span> <span class='ocrx_word' id='word_1_202' title='bbox 495 2767 638 2839; x_wconf 88' lang='lat' dir='ltr'>superbia</span> <span class='ocrx_word' id='word_1_203' title='bbox 654 2767 747 2824; x_wconf 85' lang='lat' dir='ltr'>insita</span> <span class='ocrx_word' id='word_1_204' title='bbox 761 2767 895 2841; x_wconf 85' lang='lat' dir='ltr'>iugenio,</span> <span class='ocrx_word' id='word_1_205' title='bbox 912 2768 1027 2825; x_wconf 88' lang='lat' dir='ltr'>nullam</span> <span class='ocrx_word' id='word_1_206' title='bbox 1045 2784 1113 2825; x_wconf 91' lang='lat' dir='ltr'>eum</span> <span class='ocrx_word' id='word_1_207' title='bbox 1127 2783 1234 2825; x_wconf 89' lang='lat' dir='ltr'>vocem</span> 
     </span>
     <span class='ocr_line' id='line_1_26' title="bbox 184 2863 1235 2939; baseline 0.001 -19"><span class='ocrx_word' id='word_1_208' title='bbox 184 2863 333 2920; x_wconf 86' lang='lat' dir='ltr'>emisisse.</span> <span class='ocrx_word' id='word_1_209' title='bbox 379 2863 475 2920; x_wconf 86' lang='lat' dir='ltr'>Sexto</span> <span class='ocrx_word' id='word_1_210' title='bbox 503 2863 555 2920; x_wconf 91' lang='lat' dir='ltr'>ubi</span> <span class='ocrx_word' id='word_1_211' title='bbox 583 2864 656 2937; x_wconf 86' lang='lat' dir='ltr'>quid</span> <span class='ocrx_word' id='word_1_212' title='bbox 685 2864 779 2922; x_wconf 85' lang='lat' dir='ltr'>vellet</span> <span class='ocrx_word' id='word_1_213' title='bbox 807 2882 918 2938; x_wconf 89' lang='lat' dir='ltr'>parens</span> <span class='ocrx_word' id='word_1_214' title='bbox 946 2864 1056 2939; x_wconf 87' lang='lat' dir='ltr'>patuit,</span> <span class='ocrx_word' id='word_1_215' title='bbox 1086 2864 1235 2938; x_wconf 87' lang='lat' dir='ltr'>primores</span> 
     </span>
     <span class='ocr_line' id='line_1_27' title="bbox 184 2958 1235 3037; baseline 0 -20"><span class='ocrx_word' id='word_1_216' title='bbox 184 2961 330 3030; x_wconf 87' lang='lat' dir='ltr'>civitatis,</span> <span class='ocrx_word' id='word_1_217' title='bbox 347 2958 538 3018; x_wconf 89' lang='lat' dir='ltr'>criminando</span> <span class='ocrx_word' id='word_1_218' title='bbox 560 2961 636 3017; x_wconf 91' lang='lat' dir='ltr'>alios</span> <span class='ocrx_word' id='word_1_219' title='bbox 658 2962 741 3035; x_wconf 88' lang='lat' dir='ltr'>apud</span> <span class='ocrx_word' id='word_1_220' title='bbox 763 2962 919 3037; x_wconf 89' lang='lat' dir='ltr'>populum,</span> <span class='ocrx_word' id='word_1_221' title='bbox 944 2961 1020 3019; x_wconf 89' lang='lat' dir='ltr'>alios</span> <span class='ocrx_word' id='word_1_222' title='bbox 1042 2961 1120 3019; x_wconf 91' lang='lat' dir='ltr'>clam</span> <span class='ocrx_word' id='word_1_223' title='bbox 1141 2962 1235 3019; x_wconf 88' lang='lat' dir='ltr'>inter-</span> 
     </span>
     <span class='ocr_line' id='line_1_28' title="bbox 183 3057 1235 3133; baseline 0.003 -20"><span class='ocrx_word' id='word_1_224' title='bbox 183 3058 267 3115; x_wconf 83' lang='lat' dir='ltr'>fecit.</span> <span class='ocrx_word' id='word_1_225' title='bbox 312 3057 443 3131; x_wconf 75' lang='lat' dir='ltr'>Quidam</span> <span class='ocrx_word' id='word_1_226' title='bbox 467 3059 499 3114; x_wconf 94' lang='lat' dir='ltr'>in</span> <span class='ocrx_word' id='word_1_227' title='bbox 523 3059 667 3115; x_wconf 89' lang='lat' dir='ltr'>exsilium</span> <span class='ocrx_word' id='word_1_228' title='bbox 691 3059 751 3117; x_wconf 89' lang='lat' dir='ltr'>acti</span> <span class='ocrx_word' id='word_1_229' title='bbox 777 3065 867 3128; x_wconf 88' lang='lat' dir='ltr'>sunt;</span> <span class='ocrx_word' id='word_1_230' title='bbox 897 3060 1128 3133; x_wconf 87' lang='lat' dir='ltr'>absentiumque</span> <span class='ocrx_word' id='word_1_231' title='bbox 1152 3059 1235 3116; x_wconf 92' lang='lat' dir='ltr'>bona</span> 
     </span>
     <span class='ocr_line' id='line_1_29' title="bbox 183 3156 1235 3233; baseline 0.003 -22"><span class='ocrx_word' id='word_1_232' title='bbox 183 3157 273 3229; x_wconf 86' lang='lat' dir='ltr'>juxta</span> <span class='ocrx_word' id='word_1_233' title='bbox 295 3162 386 3230; x_wconf 86' lang='lat' dir='ltr'>atque</span> <span class='ocrx_word' id='word_1_234' title='bbox 408 3156 660 3230; x_wconf 88' lang='lat' dir='ltr'>interemptorum</span> <span class='ocrx_word' id='word_1_235' title='bbox 681 3156 794 3213; x_wconf 92' lang='lat' dir='ltr'>divisui</span> <span class='ocrx_word' id='word_1_236' title='bbox 808 3157 906 3233; x_wconf 70' lang='lat' dir='ltr'>fuerer</span> <span class='ocrx_word' id='word_1_237' title='bbox 956 3156 1141 3233; x_wconf 75' lang='lat' dir='ltr'>largitionis</span> <span class='ocrx_word' id='word_1_238' title='bbox 1163 3156 1235 3214; x_wconf 90' lang='lat' dir='ltr'>inde</span> 
     </span>
     <span class='ocr_line' id='line_1_30' title="bbox 184 3235 1235 3327; baseline 0.003 -19"><span class='ocrx_word' id='word_1_239' title='bbox 184 3254 376 3327; x_wconf 88' lang='lat' dir='ltr'>praedaeque</span> <span class='ocrx_word' id='word_1_240' title='bbox 402 3260 433 3311; x_wconf 89' lang='lat' dir='ltr'>et</span> <span class='ocrx_word' id='word_1_241' title='bbox 457 3254 617 3311; x_wconf 91' lang='lat' dir='ltr'>dulcedine</span> <span class='ocrx_word' id='word_1_242' title='bbox 642 3254 754 3327; x_wconf 89' lang='lat' dir='ltr'>privati</span> <span class='ocrx_word' id='word_1_243' title='bbox 780 3235 929 3311; x_wconf 84' lang='lat' dir='ltr'>commodi</span> <span class='ocrx_word' id='word_1_244' title='bbox 952 3271 1062 3311; x_wconf 89' lang='lat' dir='ltr'>sensus</span> <span class='ocrx_word' id='word_1_245' title='bbox 1086 3254 1235 3311; x_wconf 87' lang='lat' dir='ltr'>malorum</span> 
     </span>
     <span class='ocr_line' id='line_1_31' title="bbox 183 3350 1235 3425; baseline 0.001 -19"><span class='ocrx_word' id='word_1_246' title='bbox 183 3351 374 3423; x_wconf 88' lang='lat' dir='ltr'>publicorum</span> <span class='ocrx_word' id='word_1_247' title='bbox 397 3352 508 3417; x_wconf 75' lang='lat' dir='ltr'>adimi3</span> <span class='ocrx_word' id='word_1_248' title='bbox 531 3352 639 3420; x_wconf 86' lang='lat' dir='ltr'>donec,</span> <span class='ocrx_word' id='word_1_249' title='bbox 656 3352 732 3409; x_wconf 88' lang='lat' dir='ltr'>orba</span> <span class='ocrx_word' id='word_1_250' title='bbox 753 3352 880 3409; x_wconf 90' lang='lat' dir='ltr'>consilio</span> <span class='ocrx_word' id='word_1_251' title='bbox 902 3351 1087 3425; x_wconf 85' lang='lat' dir='ltr'>auxilioque,</span> <span class='ocrx_word' id='word_1_252' title='bbox 1111 3350 1235 3409; x_wconf 89' lang='lat' dir='ltr'>Gabina</span> 
     </span>
     <span class='ocr_line' id='line_1_32' title="bbox 183 3447 1172 3524; baseline 0.001 -20"><span class='ocrx_word' id='word_1_253' title='bbox 183 3466 233 3505; x_wconf 90' lang='lat' dir='ltr'>res</span> <span class='ocrx_word' id='word_1_254' title='bbox 248 3448 314 3524; x_wconf 86' lang='lat' dir='ltr'>regi</span> <span class='ocrx_word' id='word_1_255' title='bbox 328 3448 468 3506; x_wconf 83' lang='lat' dir='ltr'>Romano</span> <span class='ocrx_word' id='word_1_256' title='bbox 483 3448 548 3505; x_wconf 91' lang='lat' dir='ltr'>siue</span> <span class='ocrx_word' id='word_1_257' title='bbox 563 3447 625 3506; x_wconf 92' lang='lat' dir='ltr'>ulla</span> <span class='ocrx_word' id='word_1_258' title='bbox 639 3448 834 3508; x_wconf 88' lang='lat' dir='ltr'>dimicatione</span> <span class='ocrx_word' id='word_1_259' title='bbox 849 3448 881 3507; x_wconf 90' lang='lat' dir='ltr'>in</span> <span class='ocrx_word' id='word_1_260' title='bbox 895 3466 1018 3507; x_wconf 89' lang='lat' dir='ltr'>manum</span> <span class='ocrx_word' id='word_1_261' title='bbox 1033 3448 1172 3507; x_wconf 88' lang='lat' dir='ltr'>traditur.</span> 
     </span>
    </p>
   </div>
   <div class='ocr_carea' id='block_1_7' title="bbox 0 0 1414 4300">
    <p class='ocr_par' dir='ltr' id='par_1_7' title="bbox 0 0 1414 4300">
     <span class='ocr_line' id='line_1_33' title="bbox 0 0 1414 4300; baseline 0 0"><span class='ocrx_word' id='word_1_262' title='bbox 0 0 1414 4300; x_wconf 95' lang='lat' dir='ltr'> </span> 
     </span>
    </p>
   </div>
  </div>
 </body>
</html>
