2817 4300
527 398 644 444 snonr
666 396 864 442 nxrnacrs.
1157 380 1219 444 1l3

169 569 325 646 suffragiis
344 587 394 627 res
416 568 619 643 permittitur:
643 567 682 623 ad
703 583 797 622 unum
818 583 924 624 omnes
939 564 1220 643 Vercingetorigem

169 668 302 741 probant
330 666 555 739 imperatorem.
599 665 650 720 Ab
679 665 737 721 hoc
765 662 893 719 concilio
922 662 1021 731 Remi,
1052 663 1218 739 Lingones,

170 763 290 822 Treviri
311 763 496 820 abfuerunt:
519 760 573 830 illi,
593 761 675 834 quod
696 759 864 816 amicitiam
885 759 1092 815 Romanorum
1114 776 1220 832 seque·

171 865 299 930 bantur3
322 860 452 928 Treviri,
470 859 552 935 quod
568 858 697 914 aberant
714 857 833 933 longius
856 861 887 913 et
908 857 947 913 ab
969 853 1132 913 Germanis
1154 875 1221 931 pre-

170 961 349 1028 mebantur;
379 976 457 1032 quae
483 957 544 1014 fuit
568 975 672 1027 causa,
699 973 792 1029 quare
818 960 884 1012 toto
910 955 1055 1012 abessent
1082 954 1162 1012 bello
1190 961 1221 1012 et

171 1059 286 1116 neutris
310 1057 426 1115 auxilia
451 1055 617 1114 mitterent.
661 1055 779 1131 Magno
803 1054 907 1111 dolore
932 1054 1034 1111 Aedui
1060 1055 1164 1111 ferunt
1188 1073 1221 1111 se

170 1157 308 1230 dejectos
329 1154 522 1230 principatu3
548 1157 715 1228 queruntur
737 1154 878 1210 fortunae
901 1153 1168 1210 commutationem
1190 1157 1222 1209 et

170 1253 312 1312 Caesaris
337 1254 368 1310 in
394 1271 427 1311 se
452 1252 674 1328 indulgentiam
699 1251 875 1324 requirunt;
899 1268 994 1324 neque
1020 1256 1133 1320 tamen,
1155 1268 1221 1308 sus-

170 1358 260 1426 cepto
285 1351 377 1421 belle,
402 1369 490 1407 suum
515 1349 677 1407 consilium
706 1348 745 1404 ab
772 1348 896 1420 reliquis
925 1365 1066 1422 separare
1095 1348 1218 1405 audent.

170 1449 266 1506 Inviti
281 1466 417 1505 summae
434 1447 500 1523 spei
520 1446 731 1504 adolescentes
753 1444 944 1520 Eporedorix
966 1449 998 1504 et
1011 1444 1221 1502 Viridomarus

169 1530 414 1621 Vercingetorigi
429 1549 547 1619 parent.

400 1725 450 1780 64.
480 1723 638 1779 Eranusa
658 1737 835 1778 snnnnssns
855 1721 988 1779 AEunrs.

245 1841 323 1896 Tum
339 1839 383 1896 sic
398 1855 496 1912 pauca
511 1837 623 1894 refert:
648 1836 725 1894 “Ut
739 1839 781 1904 te,
798 1835 965 1893 fortissime
979 1837 1141 1907 Teucrum,

246 1935 362 2009 accipio
377 1951 574 2011 agnoscoque
589 1932 707 1990 libens!
750 1932 794 1992 Ut
808 1933 903 1990 verba
918 1933 1053 2007 parentis

246 2038 278 2090 et
291 2050 397 2090 vocem
412 2032 568 2090 Anchisae
584 2030 687 2106 magni
702 2030 878 2104 voltumque
891 2029 1051 2087 recordor!
1147 2037 1149 2042 '

246 2131 327 2189 Nam
342 2130 465 2188 memini
480 2128 637 2187 Hesionae
651 2128 804 2186 visentem
818 2145 914 2205 regna
929 2128 1041 2189 sororis

226 2228 528 2287 'Laomedontiaden
544 2228 709 2297 Priamum,
728 2225 884 2284 Salamina
897 2231 1064 2301 petentem,

245 2327 385 2401 protinus
400 2325 553 2383 Arcadiae
569 2324 687 2400 gelidos
703 2324 835 2381 invisere
849 2324 930 2381 finis.

246 2425 324 2481 Tum
340 2423 412 2480 mihi
427 2424 524 2498 prima
538 2440 635 2497 genas
650 2422 786 2479 vestibat
799 2422 872 2477 flore
886 2423 1040 2494 juventas,

247 2523 438 2594 mirabarque
453 2522 547 2578 duces
558 2520 706 2587 Teucros,
723 2519 856 2575 mirabar
869 2523 901 2575 et
915 2518 1015 2592 ipsum

247 2619 540 2687 Laomedontiaden,
558 2617 612 2673 sed
628 2601 746 2674 cunctis
762 2616 852 2672 altior
867 2616 932 2673 ibat

246 2717 417 2775 Anchises:
440 2716 514 2772 mihi
528 2733 615 2771 mens
629 2714 766 2787 juvenali
782 2714 910 2771 ardebat
924 2732 1026 2771 amore

247 2815 428 2890 compellare
444 2814 542 2870 virum
557 2818 589 2869 et
603 2812 731 2869 dextrae
747 2813 931 2887 conjungere
949 2812 1100 2868 dextram.

246 2912 374 2969 Accessi
388 2917 420 2968 et
434 2910 563 2984 cupidus
578 2909 695 2966 Phenei
710 2909 767 2966 sub
783 2909 903 2966 moenia
918 2909 1003 2967 duxi.

247 3010 303 3067 Ille
318 3010 391 3066 mihi
406 3009 558 3084 insignem
572 3008 748 3081 pharetram
762 3008 932 3083 Lyciasque
948 3007 1076 3083 sagittas

248 3108 407 3165 discedens
422 3105 674 3181 chlamydemque
689 3122 764 3161 auro
779 3105 865 3162 dedit
879 3105 1086 3162 intertextam.

249 3205 396 3278 frenaque
410 3204 483 3260 hina
497 3220 583 3261 meus
598 3220 676 3275 quae
692 3220 773 3260 nunc
787 3203 881 3261 habet
896 3220 988 3260 aurea
1001 3203 1115 3259 Pallas.

248 3301 330 3377 Ergo
345 3308 376 3359 et
389 3319 482 3375 quam
496 3300 601 3375 petitis
615 3301 723 3374 juncta
737 3305 785 3357 est
799 3300 872 3358 mihi
886 3301 1010 3358 foedere
1024 3301 1145 3370 dextra,

248 3404 279 3456 et
292 3399 346 3455 lux
360 3416 430 3456 cum
444 3399 575 3472 primum
590 3397 679 3454 terris
694 3416 728 3455 se
744 3398 879 3456 crastina
893 3399 1012 3469 reddet,

249 3496 363 3554 auxilio
377 3497 476 3554 laetos
491 3496 643 3554 dimittam
658 3496 828 3569 opibusque
843 3497 967 3569 juvabo.

249 3594 373 3652 interea
387 3611 474 3651 sacra
488 3594 576 3663 haec,
592 3594 716 3667 quando
730 3593 789 3651 huc
804 3594 933 3651 venistis
949 3595 1048 3665 amici,

249 3709 362 3760 annua,
378 3709 457 3765 quae
471 3691 595 3748 differre
609 3691 712 3760 nefas,
729 3690 880 3750 celebrate
895 3694 1036 3750 faventes

250 3788 408 3846 nobiscum
423 3788 530 3862 etjam
545 3804 627 3845 nuuc
641 3790 793 3846 sociorum
808 3787 979 3845 adsuescite
995 3788 1145 3845 mensis.''
