2817 4300
83 313 87 320 “
179 314 241 377 228
361 329 576 377 smncmons
598 330 700 376 raom
723 330 837 376 unam
859 330 1039 378 aurnuns

258 518 309 557 ore
325 500 437 558 dabat:
462 505 483 533 ‘⁶
493 499 640 558 Graditur
653 498 766 556 bellum
781 500 820 558 ad
836 500 956 558 crudele
972 500 1111 571 Camilla,

258 596 285 654 Ο
300 598 398 673 virgo,
414 602 447 654 et
460 597 574 654 nostris
590 597 773 670 nequiquam
787 597 919 673 cingitur
934 599 1037 668 armis,

258 713 329 751 cara
343 695 416 751 mihi
430 700 501 752 ante
513 694 618 752 alias.’'
661 694 769 768 Neque
785 695 866 752 enirn
882 714 980 753 novus
994 697 1052 753 iste
1065 696 1186 754 Dianae

259 792 343 850 venit
356 809 441 849 amor
456 792 616 865 subitaque
631 792 766 849 animum
780 792 939 850 dulcedine
954 793 1059 850 movit.

257 889 369 946 Pulsus
383 890 423 946 ob
438 889 584 947 invidiam
597 907 693 965 regno
708 889 848 962 viresque
863 891 1009 964 superbas

256 987 405 1044 Priverno
419 987 546 1060 antiqua
559 987 704 1044 Metabus
720 1004 788 1044 cum
798 988 963 1045 excederet
976 988 1061 1057 urbe,

258 1085 408 1142 infantem
422 1083 545 1159 fugiens
559 1084 661 1141 media
674 1083 754 1140 inter
767 1084 883 1158 proelia
897 1084 968 1142 belli

258 1181 381 1238 sustulit
396 1180 505 1238 exsilio
519 1181 661 1238 comitem
674 1181 842 1254 matrisque
856 1182 980 1239 vocavit

258 1279 380 1336 nomine
395 1277 557 1336 Casmillae
572 1283 689 1335 mutata
700 1286 787 1352 parte
803 1277 973 1336 Camillam.

257 1377 329 1450 Ipse
344 1376 413 1432 sinu
426 1393 499 1449 prae
514 1393 548 1432 se
562 1380 689 1448 portans
704 1375 776 1452 iuga
789 1375 881 1452 longa
895 1377 1020 1451 petebat

258 1472 391 1531 solorum
405 1490 580 1530 nemorum:
603 1472 665 1530 tela
678 1473 813 1546 undique
829 1491 921 1530 saeva
935 1475 1114 1547 premebant

258 1576 289 1628 et
303 1571 488 1628 circumfuso
503 1569 676 1628 volitabant
689 1570 785 1627 milite
801 1570 915 1628 Volsci.

257 1669 338 1725 Ecce
354 1668 447 1744 fugae
461 1667 562 1725 medio
576 1667 702 1724 summis
717 1668 892 1725 Amasenus
907 1668 1066 1725 abundans

259 1765 422 1839 spumabat
435 1764 529 1839 ripis:
552 1769 657 1822 tantus
672 1782 706 1821 se
722 1765 854 1821 nubibus
869 1765 964 1822 imber

258 1867 391 1935 ruperat.
435 1861 503 1932 Ille,
519 1862 625 1918 innare
640 1879 764 1936 parans,
781 1862 911 1919 infantis
926 1881 1027 1920 amore

259 1959 397 2016 tardatur
411 1977 541 2032 caroque
556 1959 641 2016 oneri
657 1960 753 2017 timet.
798 1958 909 2017 Omnia
924 1977 1027 2017 secum

259 2056 394 2114 versanti
410 2056 511 2114 subito
527 2057 580 2114 vix
594 2057 670 2114 haec
686 2057 839 2115 sententia
854 2057 943 2114 sedit.

258 2154 368 2212 Telum
382 2155 512 2211 immane
527 2173 619 2212 manu
634 2155 736 2213 valida
751 2156 832 2229 quod
847 2156 927 2213 forte
942 2156 1069 2231 gerebat

258 2251 398 2321 bellator,
415 2252 545 2309 solidum
556 2252 647 2309 nodis
662 2258 693 2309 et
708 2253 815 2313 robore
831 2257 930 2322 cocto,

259 2349 328 2406 huic
342 2354 457 2417 natam,
473 2349 550 2405 libro
566 2354 597 2406 et
612 2349 744 2407 silvestri
760 2350 868 2406 subere
883 2350 1029 2419 clausam,

259 2445 395 2519 implicat
409 2451 500 2519 atquc
515 2446 646 2503 habilem
661 2447 779 2504 mediae
795 2447 985 2523 circumligat
999 2449 1104 2505 hastae
1116 2466 1123 2518 ;

259 2561 350 2617 quam
364 2543 474 2599 dextra
490 2543 607 2618 ingenti
623 2544 739 2600 librans
755 2544 797 2600 ita
812 2544 851 2600 ad
867 2544 990 2601 aethera
1004 2545 1106 2601 fatur:

260 2640 350 2709 alma,
368 2640 421 2696 tibi
437 2641 527 2706 hauc,
546 2658 702 2696 nemorum
715 2641 837 2710 cultrix,
855 2631 984 2699 Latonia
1000 2641 1095 2718 virg0,

260 2738 325 2811 ipse
340 2743 427 2811 pater
442 2737 589 2793 famulam
600 2755 718 2805 vovc03
743 2743 795 2795 tua
809 2738 906 2812 prima
920 2756 975 2813 pcr
990 2757 1078 2796 auras

260 2834 321 2892 tela
335 2839 444 2891 tenens
459 2834 589 2908 supplex
605 2836 724 2892 hostem
740 2836 829 2911 fugit.
875 2836 1002 2909 Accipe,
1018 2842 1126 2907 testor,

259 2933 331 2989 diva
346 2937 440 3001 tuam,
457 2949 534 3004 quae
551 2950 630 2990 nunc
644 2934 745 2989 dubiis
761 2934 960 2991 committitur
974 2934 1065 2991 auris.

259 3030 349 3087 Dixit
363 3037 394 3086 et
408 3030 541 3087 adducto
557 3036 730 3088 contortum
745 3031 854 3088 hastile
869 3030 984 3089 lacerto

231 3197 233 3200 Ι
259 3128 413 3186 immittit:
437 3146 565 3187 sonuere
580 3130 690 3201 undae,
704 3129 845 3204 rapidum
860 3146 951 3203 super
965 3146 1085 3186 amnem

259 3227 368 3284 infelix
383 3229 464 3304 fugit
477 3227 508 3285 in
523 3228 622 3285 iaculo
637 3227 784 3286 stridente
800 3225 938 3285 Camilla.

259 3328 304 3384 At
317 3328 473 3397 Metabus,
489 3344 600 3403 magna
613 3326 739 3401 propius
756 3325 817 3382 iam
830 3330 958 3401 urgente
972 3330 1106 3395 caterva,

260 3427 314 3485 dat
328 3443 395 3483 sese
410 3424 608 3498 fluvio'atque
623 3424 744 3480 hastam
759 3440 826 3481 cum
841 3422 959 3498 virgine
973 3422 1070 3479 victor

259 3523 416 3599 gramineo
430 3523 544 3579 donum
557 3521 680 3578 Triviae
695 3521 734 3577 de
749 3520 883 3593 caespite
899 3519 992 3577 vellit.

158 3599 161 3603 μ
259 3620 331 3677 Non
347 3619 430 3675 illum
444 3619 534 3675 tectis
548 3618 639 3686 ullae,
656 3635 716 3674 non
732 3616 891 3675 moenibus
905 3618 995 3674 urbes

261 3731 404 3786 accepere
420 3730 516 3786 neque
531 3714 596 3786 ipse
611 3731 719 3770 manus
734 3713 858 3771 feritate
872 3713 1027 3771 dedisset:
