2817 4300
185 386 227 450 62
363 403 585 474 ‘sunncrrons
609 403 710 450 raon
733 404 845 449 narni
868 406 1049 452 asrnons
1078 375 1084 385 ’

239 573 371 643 videtur,
395 574 450 630 sed
471 574 571 629 minus
593 575 737 648 prodest3
764 593 825 630 non
843 574 923 631 enim
940 575 1043 646 habet,
1060 575 1109 633 cui
1123 576 1232 650 prosit,

240 687 366 742 eumque
382 671 513 726 arbitror
527 671 692 744 paenitere,
711 671 769 727 nisi
787 673 869 728 forte
884 672 915 728 id
934 672 1032 746 ipsum
1048 679 1096 730 est
1110 673 1231 743 falsum,

240 766 418 824 discessisse
446 767 548 823 illum:
586 785 642 824 nos
670 769 792 841 quidem
827 786 883 842 pro
914 775 998 826 certo
1033 770 1231 827 habebamus.

245 865 294 942 (6)
319 866 360 922 Et
379 865 517 922 velirn—
528 884 721 939 quamquam,
739 872 773 924 ut
792 867 911 937 scribis,
929 867 1104 926 domesticis
1124 874 1154 926 te
1169 869 1233 925 lini-

207 972 224 1021 5
240 964 297 1020 bus
312 970 446 1021 tencs—
456 965 586 1021 formam
601 964 673 1021 milri
689 965 772 1021 urbis
785 985 935 1040 exponas,
949 963 1082 1040 lecquod
1096 969 1234 1042 Pompeii

239 1063 434 1132 desiderium,
452 1081 565 1136 ecquae
581 1062 723 1120 Caesaris
743 1063 857 1121 invidia
877 1070 1035 1138 appareat,
1052 1066 1144 1122 etiam
1161 1067 1235 1139 quid

229 1177 366 1217 censeas
386 1161 423 1217 de
443 1160 588 1217 Terentia
602 1165 633 1218 et
652 1160 763 1230 Tullia,
781 1162 897 1219 Romae
912 1179 964 1218 eas
980 1179 1047 1218 esse
1062 1180 1102 1218 an
1117 1180 1235 1219 mecum

241 1275 281 1314 an
301 1256 402 1330 aliquo
417 1262 484 1314 tuto
503 1257 589 1314 loco:
613 1258 688 1315 haec
703 1263 735 1314 et
749 1258 776 1314 si
795 1259 869 1331 quid
888 1258 971 1315 aliud
991 1259 1031 1315 ad
1049 1277 1097 1316 me
1116 1259 1234 1317 scribas

240 1353 331 1412 velim
346 1354 395 1412 vel
409 1356 511 1427 potius
527 1344 703 1428 scriptitas.

480 1575 634 1634 CICERO
662 1575 821 1635 ATTICO
851 1577 941 1637 SAL.

326 1705 388 1755 Sca.
400 1705 532 1752 Asrunnn
547 1719 678 1752 nxnunrn
693 1719 785 1753 mansa
801 1705 915 1753 Maarro
930 1720 956 1754 A.
967 1721 992 1757 n.
1002 1721 1026 1756 c.
1037 1706 1092 1756 709.

189 1829 226 1879 10
286 1821 335 1898 (1)
361 1821 481 1905 Quaero
496 1822 578 1894 quod
598 1823 637 1879 ad
657 1828 686 1880 te
707 1823 849 1893 scribam,
867 1824 922 1880 sed
936 1824 1010 1881 nihil
1024 1830 1089 1882 est:
1112 1822 1236 1884 ²eadem

240 1920 362 1977 cotidie.
407 1919 496 1991 Quod
511 1920 672 1977 Lentulum
688 1920 808 1989 invisis,
824 1921 914 1978 valde
928 1919 1074 1996 ³gratum.
1119 1923 1236 1980 Pueros

241 2017 371 2074 attribue
396 2017 434 2086 ei,
455 2021 530 2090 quot
553 2023 584 2074 et
606 2035 682 2090 quos
706 2018 869 2075 videbitur.
913 2019 960 2075 De
987 2018 1052 2077 Silii
1076 2019 1235 2078 voluntate

240 2114 393 2173 vendendi
413 2120 444 2172 et
462 2113 516 2192 [de
532 2113 584 2193 eo]
603 2114 720 2189 quanti,
738 2121 772 2173 tu
791 2117 888 2174 vereri
908 2117 1033 2182 videris,
1050 2117 1178 2192 primum
1197 2137 1235 2177 ne

241 2214 328 2283 nolit,
345 2213 454 2270 deinde
476 2232 513 2271 ne
534 2214 630 2271 tanti:
659 2211 766 2271 4Sicca
785 2215 884 2285 aliter,
907 2217 961 2273 sed
983 2216 1038 2273 tibi
1059 2217 1234 2287 adsenti0r3

189 2320 224 2370 15
240 2329 300 2385 qua
320 2330 363 2382 re,
381 2320 415 2368 ut
434 2311 462 2368 ci
482 2312 608 2386 placuit,
626 2312 735 2387 scripsi
753 2314 792 2371 ad
811 2315 989 2389 Egnatium.
1034 2314 1123 2387 Quod
1143 2314 1235 2373 Silius

241 2415 357 2467 tecum
379 2408 590 2484 Clodioloqui
605 2412 682 2482 volt,
699 2417 788 2486 potes
807 2413 839 2469 id
860 2431 928 2469 mea
941 2413 1100 2470 voluntate
1120 2414 1233 2481 facere,

241 2508 488 2582 commodiusque
509 2515 556 2566 est
575 2528 678 2584 qnam,
694 2511 776 2584 quod
796 2511 846 2568 ille
862 2530 880 2568 a
895 2531 942 2569 me
963 2512 1050 2585 petit,
1068 2530 1115 2568 me
1136 2511 1235 2585 ipsum

241 2606 372 2664 scribere
385 2608 423 2663 ad
439 2606 588 2665 Clodium.
627 2608 676 2685 (2)
693 2610 741 2666 De
756 2610 915 2684 mancipiis
925 2608 1140 2667 ⁵Castricianis
1154 2626 1236 2667 com·

241 2704 450 2761 modissimum
465 2724 533 2763 esse
549 2708 640 2763 credo
655 2706 825 2783 transigere
841 2708 1017 2783 Egnatium,
1031 2707 1112 2780 quod
1128 2705 1236 2764 scribis

188 2809 226 2859 20
241 2807 271 2859 te
291 2802 334 2858 ita
354 2803 490 2860 futurum
510 2808 627 2876 putare.
671 2802 749 2862 Cum
768 2803 857 2874 Ovia,
874 2822 1000 2878 quaes0,
1017 2804 1087 2862 vide
1108 2808 1144 2861 nt
1164 2821 1235 2861 con-

241 2900 369 2956 ficiatur.
428 2899 589 2972 Quoniam,
620 2907 654 2959 ut
682 2901 802 2972 scribis,
832 2920 895 2959 nox
923 2906 998 2973 crat,
1029 2901 1061 2957 in
1088 2901 1236 2959 hodierna

241 2996 371 3070 epistola
393 2996 479 3071 plura
501 3004 657 3071 exspecto

489 3217 643 3278 CICERO
672 3219 813 3278 BRUTO
843 3219 932 3278 SAL.
1033 3256 1038 3265 ι

176 3415 180 3424 ¹
286 3347 336 3425 (l)
363 3349 480 3407 Multos
506 3349 561 3406 tibi
587 3350 798 3407 commendavi
824 3356 855 3408 et
879 3351 1086 3408 commendem
1112 3368 1238 3408 necesse

242 3452 307 3515 est;
337 3447 471 3520 optimus
490 3446 571 3502 enirn
591 3446 719 3521 quisquc
736 3448 783 3504 vir
802 3451 834 3504 et
853 3448 928 3505 civis
950 3448 1080 3504 maxime
1100 3447 1237 3522 sequitur

384 3641 516 3704 1ecquod,
529 3660 585 3708 any.
759 3643 770 3676 ⁸
782 3651 901 3706 gratum:
917 3661 950 3694 sc.
962 3645 1034 3694 mihi.

383 3724 512 3775 ²eadem:
530 3743 581 3775 acc.
758 3728 769 3759 ⁴
782 3728 871 3776 Sicca:
889 3745 922 3776 sc.
935 3728 1022 3776 sentit.

236 3805 247 3839 ⁵
259 3806 437 3868 Castricianis,
450 3810 481 3873 ⁰f
492 3808 617 3857 Castricns
625 3828 633 3867 ;
655 3809 868 3873 (Castricianus)‚
881 3828 897 3857 a
910 3812 1006 3860 Roman
1017 3808 1104 3873 pensile
1116 3825 1193 3856 name.
