2817 4300
528 399 646 443 sflonr
669 399 866 446 EXTRAGTS.

371 571 422 627 Ire
437 571 589 642 dejectum
605 575 802 625 monumenta
817 570 909 646 regis,

573 665 759 738 Templaquc
776 667 907 723 Vestae:

373 765 449 821 Iliae
463 764 536 820 dum
550 780 584 819 sc
599 762 724 818 nimium
740 764 878 836 querenti

373 863 479 919 Jactat
492 861 633 930 ultorem,
651 878 749 937 vagus
764 866 795 918 et
810 861 934 920 sinistra

373 959 499 1017 Labitur
513 961 591 1033 ripa,
606 958 686 1016 Jove
701 977 761 1015 non
777 959 937 1032 probante,
954 979 988 1016 u·

573 1056 678 1112 xorius
693 1056 802 1113 amnis.

372 1154 489 1212 Audiet
502 1153 586 1211 cives
600 1155 720 1210 acuisse
736 1154 851 1210 ferrum

374 1251 440 1324 Quo
454 1268 564 1327 graves
578 1251 692 1308 Persae
708 1251 815 1308 melius
830 1252 982 1325 perirent;

372 1349 489 1406 Audiet
501 1366 631 1424 pugnas,
647 1349 723 1407 vitio
737 1354 898 1422 parentum

573 1446 666 1515 Rara,
679 1449 836 1520 juventus

373 1544 471 1617 Quem
484 1548 576 1601 vocet
589 1544 692 1600 divum
708 1544 839 1617 populus
854 1545 971 1602 ruentis

373 1641 486 1714 Imperi
500 1639 612 1698 rebus?
633 1659 723 1714 prece
739 1659 799 1715 qua
814 1642 948 1718 fatigent

372 1738 515 1813 Virgines
530 1743 654 1795 sanctae
670 1739 770 1794 minus
785 1738 959 1796 audientem

574 1834 719 1892 Carmina
733 1835 879 1892 Vestam?

373 1931 430 1990 Cui
444 1933 531 1990 dabit
545 1937 649 2006 partes
665 1932 765 1989 scelus
780 1933 924 2007 expiandi

372 2029 513 2104 Jupiter?
528 2030 650 2086 tandem
666 2030 784 2099 venias,
801 2048 971 2105 precamur,

373 2127 463 2185 Nube
478 2127 646 2185 candentes
661 2128 803 2185 humeros
819 2128 958 2199 amiotuS,

573 2226 681 2300 Augur
695 2226 819 2299 Apollo

373 2322 444 2381 Sive
458 2329 492 2380 tu
507 2323 616 2392 mavia,
632 2323 767 2402 Erycina
781 2325 896 2394 ridens,

374 2420 472 2493 Quam
485 2421 506 2477 J
508 2438 581 2477 ocus
596 2419 806 2490 circumvolat,
823 2427 854 2478 et
868 2421 998 2495 Cupido·

373 2517 445 2575 Sive
460 2517 631 2591 neglectum
647 2536 745 2593 genus
761 2522 792 2575 et
806 2525 933 2591 nepotes

574 2615 726 2689 Respicis,
744 2621 861 2685 auctor,

373 2713 461 2770 Heu!
484 2713 574 2769 nimis
589 2712 682 2787 longo
696 2712 808 2771 satiate
821 2714 905 2785 lud0,

373 2810 469 2883 Quem
484 2812 573 2882 juvat
587 2809 712 2881 clamor,
728 2811 893 2886 galeaeque
908 2812 1003 2883 leves,
1059 2850 1063 2862 s

373 2908 454 2965 Acer
469 2916 500 2965 et
513 2908 616 2963 Mauri
630 2908 744 2982 peditis
759 2917 917 2967 cruentum

573 3006 684 3063 Vultus
700 3006 731 3063 in
747 3009 884 3065 hostem:

374 3102 445 3162 Sive
460 3109 579 3160 mutata
596 3105 740 3176 juvenem
754 3106 860 3180 figura,

373 3201 461 3270 Ales,
479 3202 508 3257 in
524 3202 614 3258 terris
630 3202 770 3272 imitaris,
788 3204 884 3260 almae

372 3299 468 3357 Filius
482 3301 594 3370 Maiae,
610 3301 733 3374 patiens
747 3302 851 3358 vocari

574 3396 717 3456 Caesaris
732 3398 830 3455 ultor:

374 3494 466 3553 Serus
481 3496 512 3553 in
527 3492 645 3579 coelum
660 3498 780 3567 redosc,
798 3498 909 3570 diuque

375 3594 488 3652 Laetus
504 3594 627 3652 intersis
643 3594 757 3669 populo
772 3595 907 3667 Quiriui3

375 3691 461 3749 Neve
476 3696 506 3749 te
522 3692 636 3749 nostris
651 3692 734 3749 vitiis
750 3692 885 3765 iniquum

575 3787 668 3848 Ocior
682 3807 756 3846 aura
