2817 4300
479 388 659 452 -oronso’s
682 406 859 452 nersrnns.
1166 389 1208 452 61

152 575 290 650 quidem,
311 577 400 650 cujus
419 572 711 633 ¹“Plaolure'smon”
727 576 828 645 times,
845 575 948 632 omnia
965 573 1155 634 ²taeterrime

153 675 311 731 facturum
340 679 434 748 puto;
471 691 527 730 nec
556 691 625 731 eum
653 691 755 730 rerum
788 672 918 746 prolatio
946 689 1002 730 nec
1030 678 1155 730 senatus

154 771 449 846 magistratuumque
461 771 615 828 discessus
627 789 683 828 nec
695 771 845 828 aerarium
857 769 994 827 clausum
1008 770 1152 828 tardabit.

160 869 211 944 (3)
232 868 293 926 Sed
307 869 395 938 haec,
408 875 442 925 ut
456 869 576 935 scribis,
591 865 651 926 cito
667 869 809 926 sciemus.
843 867 970 923 Interim
981 867 1070 924 velim
1086 868 1158 924 mihi

155 967 311 1043 ignoscas,
329 966 411 1040 quod
427 966 465 1022 ad
485 971 516 1023 te
532 966 633 1023 scribo
648 973 712 1022 tarn
728 965 824 1022 multa
838 965 972 1033 totiens;
995 965 1154 1037 acquiesco
1190 975 1207 1023 5

156 1064 238 1121 enim
259 1069 290 1121 et
311 1069 380 1120 tuas
405 1063 473 1120 volo
495 1063 603 1121 elicere
625 1063 744 1121 litteras
766 1063 959 1136 maximoque
981 1062 1152 1133 consilium,

155 1163 230 1236 quid
244 1179 334 1237 agam
349 1167 403 1218 aut
417 1178 478 1234 quo
492 1179 540 1218 me
555 1165 647 1236 pacto
661 1180 777 1237 geram,
794 1161 993 1218 demittamne
1007 1179 1055 1216 me
1071 1161 1153 1234 peni-

155 1265 207 1316 tus
228 1259 259 1314 in
281 1257 545 1315 causam?—non
571 1259 725 1316 deterreor
750 1257 896 1332 periculo,
920 1259 975 1314 sed
1000 1259 1156 1332 dirumpor

155 1357 278 1415 dolore:
301 1362 366 1414 tarn
380 1356 464 1413 nullo
476 1358 604 1414 oonsilio
615 1364 669 1415 aut
682 1363 747 1415 tam
762 1364 869 1416 contra
884 1378 983 1417 meum
994 1359 1155 1416 consilium

148 1461 245 1532 gesta
259 1472 327 1511 esse
342 1455 445 1511 omnia
457 1455 463 1510 l
474 1473 562 1511 -an
576 1452 718 1512 ³cuncte1·
736 1461 768 1513 et
786 1453 985 1533 ⁴tergiverser
1002 1462 1034 1514 et
1051 1457 1089 1512 iis
1106 1475 1154 1514 me
1171 1462 1208 1513 10

155 1554 237 1622 dem,
253 1552 306 1626 qui
323 1557 440 1621 tenent,
458 1551 509 1625 qui
529 1552 707 1627 potiuntur?
727 1550 768 1586 ⁵“
780 1555 933 1610 aideomoi
954 1553 1082 1622 Troos,”
1099 1571 1155 1611 nec

155 1650 255 1708 solum
275 1650 362 1719 civis,
380 1650 435 1706 sed
457 1650 549 1706 etiam
569 1650 658 1707 amici
677 1651 777 1707 officio
795 1668 931 1721 revocor,
948 1652 1006 1708 etsi
1028 1652 1155 1726 frangor

155 1766 248 1823 saepe
268 1747 476 1805 misericordia
498 1765 670 1822 puerorum.
721 1747 770 1824 (4)
796 1749 840 1807 Ut
860 1749 951 1825 igitur
973 1748 1015 1805 ita
1037 1753 1154 1822 pertur-

155 1847 241 1915 bato,
258 1845 317 1903 etsi
331 1849 362 1902 te
380 1845 487 1902 eadem
503 1845 680 1914 sollicitant,
698 1845 798 1902 scribe
814 1845 940 1919 aliquid,
958 1850 989 1903 et
1008 1847 1151 1917 maxime,

156 1943 185 2000 si
213 1942 377 2016 Pompeius
407 1940 498 1998 Italia
527 1942 619 2012 cedit,
650 1942 724 2015 quid
752 1942 841 1999 nobis
871 1943 1021 2019 agendum
1051 1947 1151 2016 putes.
1171 1950 1207 2000 15

155 2042 212 2098 M’.
229 2040 352 2114 quidem
372 2040 635 2113 Lepidus—nam
653 2039 765 2097 fuimus
781 2059 967 2097 una-eum
986 2042 1076 2097 finem
1093 2046 1154 2097 sta·

156 2139 226 2205 tuit,
251 2137 287 2195 L.
310 2137 485 2211 Torquatus
506 2138 655 2195 eundern:
686 2156 733 2195 me
756 2156 824 2196 curn
845 2138 951 2208 multa,
976 2143 1039 2195 tum
1061 2137 1153 2196 etiam

155 2236 279 2293 lictores
301 2234 487 2309 impediunt3
517 2235 593 2293 nihil
613 2235 676 2293 vidi
698 2254 852 2309 umquam,
876 2237 957 2310 quod
979 2236 1079 2293 minus
1101 2254 1154 2292 ex-

158 2333 264 2407 plicari
284 2338 399 2407 posset.
443 2333 554 2405 Itaque
577 2351 595 2389 a
616 2337 647 2390 te
669 2334 816 2390 nihildum
839 2334 914 2392 certi
935 2334 1075 2407 exquiro,
1099 2335 1154 2391 sed

156 2431 229 2504 quid
245 2431 394 2487 videatur.
444 2429 494 2507 (5)
520 2430 660 2504 Denique
682 2431 781 2504 ipsam
800 2427 946 2504 loportun
964 2437 1046 2489 tuam
1065 2431 1154 2505 cupio
1169 2436 1207 2488 20

156 2546 352 2604 cognoscere.
411 2528 580 2585 Labienum
615 2528 654 2584 ab
687 2528 741 2584 illo
768 2529 947 2587 discessisse
975 2526 1154 2602 lpropemo-

156 2628 228 2683 dum
244 2630 376 2684 constat.
422 2625 454 2684 Si
472 2626 516 2683 ita
530 2627 643 2683 factum
661 2632 754 2696 esset,
771 2632 805 2683 ut
819 2627 869 2683 ille
885 2627 1012 2683 Romam
1028 2626 1153 2683 veniens

156 2726 355 2800 magistratus
379 2728 411 2781 et
438 2728 580 2780 senatum
604 2724 720 2781 Romae
745 2724 925 2792 offenderet,
950 2740 1061 2798 magno
1086 2722 1153 2779 usui

157 2840 267 2880 causae
283 2826 406 2879 nostrae
424 2822 551 2889 fuisset3
574 2821 738 2877 damnasse
753 2822 834 2877 enim
847 2817 987 2877 ⁸sceleris
1002 2820 1153 2876 hominem

157 2920 287 2977 amicum
309 2920 352 2976 rei
374 2918 514 2992 publicae
536 2935 630 2975 causa
649 2918 815 2986 videretur,
831 2918 914 2991 quod
933 2936 1013 2975 nunc
1034 2935 1153 2990 quoque
1168 2924 1206 2973 25

201 3156 421 3205 1Plralarismon:
444 3152 523 3203 Greek
534 3153 694 3219 Φαλαρισμόν.
734 3152 833 3217 Cruelty
845 3151 893 3201 like
905 3151 956 3200 dat
968 3151 1129 3217 osPloloris.

201 3238 212 3270 2
223 3238 388 3287 taeterrime:
405 3236 489 3287 Cicero
497 3237 561 3300 ‹rsten
571 3253 624 3284 oses
634 3243 720 3285 taeter
726 3252 756 3283 as
765 3234 802 3283 ele
811 3234 917 3299 opposite
925 3236 956 3299 ⁰s
959 3235 1054 3285 clarus.
1072 3233 1142 3294 Foul,
1150 3234 1206 3282 bad.

201 3320 212 3352 ³
224 3326 340 3377 cuncter,
355 3318 436 3383 delay.

200 3403 212 3436 ⁴
224 3403 389 3464 tergiverser,
402 3410 457 3448 tutu
470 3400 538 3460 buck,
551 3400 648 3465 clange,
660 3400 715 3448 seek
726 3417 743 3448 o
755 3400 821 3465 slu'fi.

200 3484 211 3517 ⁶
223 3486 353 3534 aideomai
365 3485 462 3533 Troas:
480 3500 495 3531 a
510 3482 587 3531 Greek
599 3484 737 3546 expression
749 3481 868 3547 (αἰδέομαι
879 3481 1096 3549 'l'pdaslmeaninq
1108 3479 1208 3546 “Ister

158 3568 208 3633 (tlte
221 3566 269 3615 bad
280 3568 377 3631 opinion
389 3567 432 3630 os)
448 3566 485 3614 tlte
501 3563 526 3613 T
525 3566 633 3631 rojans.''

200 3650 211 3682 ⁶
224 3651 333 3713 aporian
348 3648 440 3712 (Greek
453 3648 573 3713 ἀπορίαν),
586 3647 715 3713 difficulty.

200 3729 211 3763 ⁷
222 3732 421 3797 propemodum,
433 3730 528 3780 almost.

202 3816 212 3848 ⁸
225 3816 345 3867 sceleris:
364 3818 379 3842 “
387 3813 423 3862 the
433 3814 537 3879 penitius
550 3812 622 3877 ofllre
636 3812 722 3877 charge
735 3828 762 3859 or
771 3811 896 3876 penalty.''
