2817 4300
181 342 243 406 184
363 359 579 404 sunucrrons
602 359 706 403 raom
728 359 841 402 narni
865 359 1050 404 Auruous.

260 534 397 586 monstra
413 547 504 584 mauu
517 530 715 604 geminosque
730 545 871 602 premens
886 526 1001 584 eliserit
1021 547 1149 604 angues,

260 631 295 684 ut
308 626 389 683 bello
403 627 543 702 egregias
557 626 636 682 idem
652 626 809 698 disjecerit
822 626 925 695 urbes,

259 725 443 798 Trojamque
457 722 706 796 Oechaliamque,
723 727 757 779 ut
771 722 863 778 duros
878 723 960 778 mille
974 722 1095 780 labores

260 839 331 898 rege
346 822 404 878 sub
418 821 592 896 Eurystheo
606 820 680 877 fatis
695 821 715 877 J
718 820 828 876 unonis
843 820 964 893 iniquae

260 917 427 993 pertulerit.
474 919 554 974 “Tu
568 918 750 993 nubigenas,
767 917 890 987 invicte,
907 917 1081 974 bimembrrs

261 1015 472 1092 Hylaeumque
486 1016 686 1088 Pholumque,
702 1033 806 1085 manu,
822 1021 856 1070 tu
871 1013 977 1071 Cresia
992 1020 1109 1071 mactas

260 1114 400 1189 prodigia
413 1118 445 1171 et
458 1119 581 1170 vastum
595 1114 731 1170 Nemeae
747 1113 804 1169 sub
819 1131 893 1186 rupe
909 1113 1038 1169 leonem.

260 1213 304 1268 Te
320 1210 420 1287 stygii
434 1216 583 1268 tremuere
599 1210 692 1281 lacuS,
709 1218 739 1268 te
753 1211 867 1284 janitor
882 1208 954 1268 Orci

260 1326 332 1365 ossa
346 1326 437 1382 super
451 1309 601 1366 recubans
615 1313 704 1364 antro
720 1326 838 1364 semesa
853 1313 978 1365 cruento
990 1327 1007 1383 ;ι

261 1424 317 1463 nec
331 1410 361 1462 te
376 1406 456 1462 ullae
469 1406 578 1475 facies,
595 1424 657 1461 uon
671 1406 781 1461 terruit
795 1405 861 1479 ipse
876 1406 1053 1481 Typhoeus,

260 1504 374 1560 arduus
389 1521 473 1560 arma
487 1509 614 1571 teneus3
637 1521 699 1559 uon
713 1508 744 1560 te
759 1503 887 1559 rationis
902 1508 1042 1578 egentem

260 1599 415 1657 Lernaeus
430 1601 520 1656 turba
534 1601 668 1674 capitum
684 1601 885 1657 circumstetit
899 1601 1018 1676 anguis.

261 1696 365 1767 Salve,
381 1716 455 1755 vera
468 1698 557 1757 Jovis
571 1697 684 1771 proles,
701 1699 795 1754 decus
812 1698 914 1754 addite
930 1697 1020 1767 diris,

261 1801 292 1852 et
307 1813 362 1852 uos
378 1800 409 1852 et
423 1800 477 1852 tua
491 1795 600 1852 dexter
614 1796 665 1851 adi
679 1795 757 1869 pede
773 1813 860 1851 sacra
875 1795 1041 1851 secundo.”

261 1893 349 1949 Talia
363 1893 548 1950 carminibus
562 1892 737 1961 celebraut3
761 1910 853 1965 super
867 1893 968 1949 omnia
983 1890 1056 1950 Caci

262 1990 437 2064 speluncam
453 1990 589 2046 adiciunt
603 1991 831 2063 spirantemque
845 1990 967 2064 ignibus
981 1990 1092 2064 ipsum.

262 2085 420 2144 Consonat
433 2104 523 2142 omne
538 2105 645 2143 nemus
660 2086 790 2161 strepitu
805 2086 958 2160 collesque
974 2086 1134 2143 resultant.

373 2332 420 2386 77.
452 2329 591 2387 CAEsAa's
613 2330 738 2386 Tnoors
760 2347 879 2385 uarvuu
905 2346 999 2385 saon.

221 2478 299 2535 Erat
314 2478 393 2535 inter
406 2478 553 2553 oppidum
567 2477 702 2533 Ilerdam
717 2483 749 2534 et
765 2478 938 2551 proximum
959 2478 1078 2548 collem,
1095 2478 1147 2535 ubi
1167 2496 1234 2535 cas-

182 2580 230 2631 tra
244 2576 383 2632 Petreius
398 2580 489 2648 atque
503 2574 655 2631 Afranius
674 2574 841 2643 habebant,
859 2574 1002 2649 planities
1024 2576 1142 2634 circiter
1163 2594 1234 2649 pas-

183 2690 271 2729 suum
285 2688 352 2741 cce,
370 2678 460 2745 atque
476 2672 507 2728 iu
521 2672 578 2729 hoc
593 2672 659 2728 fere
674 2671 775 2728 medio
791 2672 892 2745 spatio
906 2673 1040 2729 tumulus
1056 2679 1122 2730 erat
1141 2673 1235 2747 paulo

183 2770 310 2835 editior;
339 2787 428 2842 quem
454 2770 480 2825 si
503 2770 718 2843 occupavisset
739 2768 853 2826 Caesar
882 2777 912 2826 et
941 2772 1169 2842 communisset,
1193 2772 1234 2827 ab

182 2867 297 2941 oppido
318 2871 349 2923 et
368 2872 461 2940 ponte
484 2872 515 2924 et
535 2871 706 2924 commeatu
728 2866 810 2923 omni
826 2874 921 2940 'quem
944 2868 975 2924 in
997 2868 1142 2942 oppidum
1162 2887 1233 2925 con-

183 2965 327 3031 tulerunt,
368 2981 401 3020 se
440 2964 672 3022 interclusurum
710 2965 901 3022 adversarios
937 2965 1119 3022 confidebat.
1164 2966 1234 3022 Hoc

184 3078 311 3134 sperans
325 3060 462 3137 legiones
476 3080 513 3118 111
527 3080 567 3118 ex
582 3063 690 3119 castris
706 3062 809 3118 educit
823 3062 947 3135 acieque
966 3062 996 3117 in
1018 3061 1093 3119 locis
1115 3062 1234 3119 idoneis

183 3158 332 3215 instructa
350 3159 438 3214 unius
459 3157 589 3233 legionis
611 3159 831 3233 antesignanos
853 3176 1029 3233 procurrere
1052 3164 1142 3231 atquo
1165 3177 1234 3215 eum

183 3256 333 3312 tumulum
349 3273 497 3329 occupare
516 3256 613 3328 jubet.
660 3254 778 3327 Quare
800 3256 924 3330 cognita
946 3256 1083 3312 celeriter
1103 3273 1181 3328 quae
1203 3256 1234 3312 in

184 3354 316 3410 statione
331 3370 387 3427 pro
402 3353 510 3409 eastris
526 3358 613 3409 erant
626 3353 741 3409 Afrani
756 3355 896 3410 cohortes
912 3354 1050 3411 breviore
1065 3354 1172 3411 itinere
1195 3356 1234 3410 ad

184 3452 312 3509 eundem
327 3450 538 3524 occupandum
555 3450 654 3506 locum
677 3450 849 3506 mittuntur.
894 3449 1097 3507 Contenditur
1118 3452 1234 3525 proelio

185 3554 226 3615 et,
243 3548 325 3621 quod
340 3547 424 3621 prius
445 3545 476 3603 in
498 3546 646 3602 tumulum
661 3546 827 3603 Afraniani
842 3553 1001 3616 venerant,
1019 3548 1116 3605 nostri
1137 3549 1233 3623 repel-

183 3645 287 3701 luntur
301 3649 393 3717 atque
408 3644 475 3699 aliis
490 3644 661 3700 summissis
676 3644 821 3700 subsidiis
837 3649 924 3719 terga
938 3650 1059 3703 vertere
1080 3664 1173 3719 seque
1194 3648 1233 3703 ad

184 3741 274 3815 signa
286 3740 440 3815 legionum
455 3740 589 3811 recipere
609 3744 769 3812 coguntur.
