2817 4300
136 333 178 399 56
218 411 220 414 ¹
321 348 535 396 snuucmous
559 347 661 393 naon
683 345 796 409 unum
819 343 999 391 aduncas.

191 520 323 577 hominis
345 525 376 576 ct
396 537 458 575 non
481 519 552 574 boni
573 520 693 590 po'etae,
710 516 766 572 scd
787 521 890 571 tamen
907 531 968 570 uon
986 511 1114 579 inutilia,
1130 511 1185 567 tibi

191 617 303 674 remisi.
348 615 527 672 Numerium
542 614 735 671 Numestium
756 612 886 669 libenter
907 609 1010 684 accepi
1032 609 1062 664 in
1084 607 1187 664 amici·

191 715 265 772 tiam
294 719 325 772 et
352 714 502 771 hominem
531 729 655 788 gravem
684 716 716 768 ct
743 709 909 784 pudentem
930 713 961 764 et
981 707 1107 782 dignum
1134 711 1188 763 tua

192 811 454 871 commendatione
468 809 609 885 cognovi.

398 1012 401 1018 ⁴
439 999 593 1058 CICERO
614 997 774 1056 ATTICO
796 997 886 1056 SAL.

288 1125 351 1175 Sca.
367 1139 396 1172 m
411 1137 524 1171 muman
540 1137 566 1170 a.
576 1136 603 1170 n.
615 1135 652 1170 v1.
666 1121 733 1168 Inus
744 1121 867 1168 Armene
879 1133 905 1168 n.
914 1133 942 1167 u.
951 1132 975 1167 c.
987 1117 1044 1167 696.

161 1247 177 1294 5
234 1236 357 1294 Itineris
379 1235 476 1292 nostri
498 1251 591 1292 causa
613 1233 684 1302 fuit,
708 1233 791 1306 quod
814 1250 876 1288 non
904 1231 1052 1288 habebam
1074 1229 1186 1299 locum,

194 1335 246 1392 ubi
271 1351 327 1408 pro
351 1351 418 1390 meo
444 1333 507 1388 iure
532 1331 646 1388 diutius
675 1349 743 1388 esse
768 1347 902 1404 possem,
928 1346 1020 1405 quam
1043 1323 1189 1383 1fundum

193 1429 328 1501 ²Siccae‚
345 1431 523 1504 praesertim
539 1425 861 1503 nondum³1ogati0ne
883 1431 1031 1494 correcta,
1048 1430 1079 1482 et
1100 1424 1190 1481 simul

195 1529 408 1604 intellegebam
425 1547 464 1584 ex
485 1546 521 1585 ec
542 1528 621 1597 loce,
638 1529 664 1584 si
686 1533 716 1584 te
738 1528 893 1597 haberem,
910 1545 1000 1601 posse
1022 1544 1070 1582 me
1092 1527 1188 1582 Brun-

196 1629 306 1685 disium
321 1629 448 1698 referre,
465 1627 531 1684 sine
551 1633 581 1684 te
597 1633 699 1684 autem
721 1646 782 1684 non
803 1645 870 1684 esse
892 1627 980 1684 nobis
1003 1626 1071 1682 illas
1092 1625 1189 1699 partis

143 1735 180 1785 10
194 1728 344 1784 tenendas
373 1732 497 1801 propter
524 1727 720 1784 Autronium.
765 1728 867 1795 Nunc,
896 1732 931 1784 ut
959 1728 998 1784 ad
1032 1732 1062 1784 te
1098 1730 1189 1782 antea

197 1824 317 1898 scripsi,
335 1824 360 1881 si
381 1825 421 1881 ad
442 1842 499 1880 nos
514 1827 645 1894 veneria,
663 1825 824 1882 consilium
844 1825 939 1882 totius
960 1824 1003 1881 rei
1021 1823 1187 1898 capiemus,

195 1922 259 1979 Iter
274 1939 341 1978 esse
355 1917 533 1978 4molestum
550 1923 623 1989 scic,
642 1924 696 1980 sed
711 1928 798 1980 tanta
817 1922 975 1979 calamitas
990 1921 1090 1978 omnis
1109 1918 1190 1976 ⁵mo·

195 2019 301 2076 lesbias
315 2019 418 2076 habet.
461 2019 554 2076 Plura
569 2019 699 2077 seribere
715 2039 775 2077 non
790 2037 927 2093 possum,
945 2020 987 2075 ita
1002 2036 1069 2075 sum
1088 2017 1191 2074 animo

195 2115 337 2191 perculso
365 2121 396 2173 et
424 2115 553 2191 abjecto.
603 2115 684 2175 Cura
712 2122 746 2174 ut
773 2117 888 2175 valeas·
940 2116 1023 2174 Data
1046 2132 1091 2172 vn
1115 2115 1191 2172 Idus

145 2221 181 2271 15
196 2213 422 2295 AprilisuNaris
438 2214 512 2271 Luc.

444 2390 597 2449 monuo
619 2391 777 2450 lunico
800 2392 890 2451 san.
933 2358 935 2362 ’

353 2513 414 2563 Sca.
428 2528 456 2561 m
471 2528 585 2562 muman
598 2528 689 2563 unusn
702 2515 804 2563 Aram
817 2530 842 2565 n.
852 2530 879 2564 u.
889 2530 913 2565 c.
925 2515 981 2565 696.

236 2624 363 2683 Utinam
391 2624 474 2681 illum
502 2624 582 2682 diem
610 2626 742 2696 videam,
769 2644 837 2683 eum
861 2627 918 2683 tibi
946 2644 1034 2701 agam
1062 2626 1189 2702 gratiae,

197 2722 279 2795 quod
293 2740 341 2779 me
356 2722 458 2779 vivere
481 2724 625 2797 coegisti!
668 2724 779 2781 Adhuc
794 2725 916 2798 quidem
930 2720 1036 2781 lvalde
1056 2742 1105 2781 me
1120 2742 1189 2798 pae-

197 2819 285 2876 nitet.
330 2817 391 2877 Sed
406 2825 435 2876 te
451 2838 515 2888 oro,
532 2826 566 2877 ut
580 2822 620 2878 ad
635 2840 681 2879 me
696 2820 863 2880 ⁷Vib0nem
878 2822 981 2879 statim
997 2822 1114 2892 veniae,
1130 2839 1191 2895 quo

197 2934 254 2993 ego
282 2916 385 2973 multis
414 2918 451 2974 de
480 2920 580 2975 causis
609 2924 746 2979 converti
775 2923 832 2979 iter
866 2942 984 2980 meum:
1018 2924 1072 2980 sed
1100 2940 1137 2979 eo
1164 2921 1191 2978 si

144 3022 182 3072 20
197 3014 329 3084 veneria,
355 3015 393 3071 de
416 3020 482 3072 toto
507 3017 613 3084 itinere
638 3038 673 3078 ac
702 3022 778 3097 fuga
800 3040 868 3079 mea
893 3021 1053 3079 consilium
1081 3038 1189 3095 capere

187 3177 196 3210 1
209 3177 323 3225 fundum
338 3178 466 3242 (domus).

186 3259 309 3320 ²Siccae,
321 3278 337 3308 α
347 3260 438 3324 friend
455 3262 487 3325 of
496 3260 609 3323 Cicero's,
624 3273 650 3312 at
667 3264 743 3314 whose
759 3265 830 3316 leuse
847 3267 875 3316 le
892 3268 1002 3318 received
1018 3270 1093 3318 notice
1110 3270 1142 3333 os
1152 3269 1189 3318 lis

143 3342 297 3403 bunislimem,
310 3345 341 3393 58
354 3360 404 3395 no.

186 3426 197 3459 ⁸
208 3428 346 3489 rogatione
361 3429 437 3493 (lex).

186 3509 197 3541 4
208 3510 358 3570 molestum,
370 3528 399 3559 aa
412 3512 439 3575 if
446 3512 565 3572 difficilis,
578 3514 674 3575 gravis,
686 3515 791 3564 arduus.

185 3590 197 3623 ⁵
208 3592 350 3652 molestiae,
362 3592 468 3643 troubles.

185 3673 196 3705 ⁶
209 3673 294 3733 valde,
307 3675 331 3722 in
345 3674 381 3723 the
393 3692 459 3723 sense
472 3677 503 3740 eff
513 3679 614 3728 acriter.

186 3754 196 3787 ⁷
208 3755 349 3817 Vibonem,
366 3755 431 3817 Vibo,
443 3757 480 3806 the
492 3758 558 3807 home
570 3762 602 3824 os
611 3761 717 3811 Oi'eere’a
723 3762 814 3827 friend
826 3761 910 3814 Sicca.
