2817 4300
168 371 232 458 116
353 407 570 457 snnncrrorrs
593 406 694 454 raon
716 405 829 452 narni
853 403 1033 451 nurnoas.

541 550 546 572 .

429 595 555 652 AEaeca
568 595 649 667 pices
663 593 767 648 advice
781 598 809 647 to
825 591 872 646 itis
886 608 951 647 sco.

168 711 227 762 435
244 709 252 738 ‘
266 703 371 772 Disce,
388 719 473 776 puer,
486 702 631 759 virtutem
645 717 686 757 ex
700 717 748 756 me
765 715 928 772 verumque
943 698 1088 771 laborem,

242 803 399 859 fortunam
414 818 453 857 ex
469 799 547 856 aliis.
591 799 682 856 Nunc
697 801 727 854 te
742 814 810 854 mea
824 797 952 854 dextera
966 796 1047 855 bello

241 899 403 956 defensum
419 897 506 954 dabit
520 901 551 954 et
565 913 677 971 magna
687 895 767 952 inter
783 894 916 968 praemia
930 894 1031 952 ducet.

241 997 289 1053 Tu
304 996 412 1064 facito,
430 1013 502 1051 mox
517 1011 583 1052 cum
598 998 718 1050 matura
733 991 900 1049 adoleverit
915 996 1012 1062 aetas,

241 1094 284 1150 sis
298 1110 424 1162 memor,
440 1097 472 1150 et
486 1097 516 1149 te
531 1092 632 1148 animo
646 1094 834 1164 repetentem
850 1089 990 1164 exempla
1003 1094 1125 1148 tuorum

168 1197 227 1248 440
242 1195 273 1248 et
286 1196 375 1265 pater
387 1190 512 1247 Aeneas
527 1193 558 1247 et
572 1187 742 1246 avunculus
757 1187 871 1244 excitet
884 1186 1023 1245 Hector.’

415 1335 476 1393 rte
487 1343 590 1393 cetura
604 1336 643 1408 of
649 1335 775 1392 AEoeus
789 1341 817 1391 to
832 1334 878 1391 the
889 1334 976 1409 field.

283 1445 370 1502 Haec
381 1444 433 1501 ubi
447 1443 530 1501 dicta
544 1443 640 1513 dedit,
658 1443 755 1517 portis
770 1460 838 1500 sese
854 1441 964 1499 extulit
977 1443 1097 1518 ingens,

242 1541 335 1599 telum
351 1542 482 1598 immane
497 1558 590 1597 manu
604 1541 765 1613 quatiens;
783 1539 872 1596 simul
887 1539 1006 1615 agmine
1022 1541 1118 1597 denso

243 1640 445 1711 Antheusque
460 1638 703 1710 Mnestheusque
719 1643 811 1693 ruunt
825 1637 983 1711 omnisque
998 1636 1112 1696 relictis

239 1737 330 1793 turba
343 1736 410 1792 fluit
423 1735 550 1792 castris:
567 1739 631 1792 tum
647 1751 738 1792 caeco
753 1734 876 1808 pulvere
894 1752 1019 1808 campus

169 1840 227 1890 445
243 1834 388 1890 miscetur
401 1832 550 1906 pulsuque
564 1833 677 1906 pedum
691 1832 795 1888 tremit
809 1832 911 1888 exeita
925 1831 1026 1888 tellus.

243 1930 330 1987 Vidit
345 1930 384 1986 ab
399 1920 530 1987 adverso
544 1929 697 1986 venientis
713 1946 825 2004 aggere
836 1929 969 1996 Turnus,

243 2027 346 2085 videre
360 2026 503 2091 Ausonii,
519 2026 697 2103 gelidusque
713 2044 766 2100 per
780 2027 841 2082 ima
855 2027 987 2084 cucurrit

243 2143 316 2185 ossa
330 2131 460 2184 tremor:
476 2125 575 2199 prima
590 2130 660 2184 ante
675 2125 774 2183 omnis
789 2125 917 2183 Iuturna
932 2124 1060 2183 Latinos

245 2224 342 2282 audiit
356 2224 563 2299 adgnovitque
578 2241 687 2281 sonum
701 2228 733 2281 et
747 2224 928 2281 tremefacta
942 2223 1064 2299 refugit.

171 2329 229 2380 450
243 2322 301 2379 Ille
315 2321 400 2379 volat
414 2338 581 2395 campoque
596 2325 696 2377 atrum
711 2320 792 2394 rapit
807 2338 916 2396 agmen
933 2328 1050 2394 aperto.

244 2419 350 2493 Qualis
364 2419 416 2475 ubi
431 2419 470 2475 ad
485 2423 583 2476 terras
599 2418 729 2491 abrupto
744 2418 842 2475 sidere
860 2418 981 2475 nimbus

244 2517 269 2575 it
282 2534 365 2573 mare
380 2534 434 2590 per
448 2516 600 2584 medium;
616 2515 736 2572 miseris
752 2516 810 2572 heu
824 2516 962 2588 praescia
976 2515 1067 2592 longe

244 2614 424 2671 horrescunt
438 2614 531 2671 corda
545 2613 698 2689 agricolis,
716 2613 801 2670 dabit
816 2613 866 2670 ille
880 2613 983 2670 ruinas

245 2712 409 2771 arboribus
419 2716 612 2787 stragemque
627 2712 715 2779 satis,
732 2716 800 2768 ruet
813 2710 915 2767 omnia
928 2710 1009 2779 late;

171 2816 229 2867 455
245 2795 316 2865 ante
330 2808 438 2866 volant
452 2808 645 2881 sonitumque
661 2810 764 2866 serunt
779 2809 818 2866 ad
832 2808 921 2865 litora
936 2808 1038 2866 venti:

244 2906 315 2963 talis
330 2907 361 2962 in
376 2907 522 2963 adversos
537 2907 646 2964 ductor
659 2906 825 2963 Rhoeteius
837 2906 934 2964 hostis

245 3022 354 3079 agmen
370 3004 444 3079 agit,
461 3003 548 3060 densi
562 3000 682 3061 lcuneis
697 3022 730 3061 se
745 3004 1002 3077 quisquecoactis

245 3101 466 3177 adglomerant.
511 3102 595 3159 Ferit
609 3122 682 3161 ense
696 3121 821 3179 gravem
836 3102 1046 3179 Thymbraeus
1061 3101 1184 3173 Osirim,

244 3199 423 3256 Archetium
437 3200 630 3266 Mnestheus,
649 3201 819 3275 Epulonem
833 3202 996 3260 obtruncat
1010 3202 1146 3260 Achates

171 3303 230 3354 460
244 3297 449 3370 Ufentemque
464 3296 569 3373 Gyas3
586 3298 669 3355 cadit
683 3299 749 3371 ipse
763 3298 943 3355 Tolumnius
958 3316 1064 3375 augur,

245 3395 360 3469 primus
375 3394 406 3450 in
420 3396 566 3453 adversos
582 3395 675 3452 telum
689 3396 739 3469 qui
755 3401 887 3482 torserat
900 3397 1009 3454 hostis.

243 3555 303 3611 Tite
319 3555 428 3613 Rutuli
434 3558 506 3629 flac,
522 3556 572 3612 bat
585 3556 712 3613 AEneus
726 3557 860 3613 scacchea
868 3558 923 3629 for
941 3557 1063 3614 Turnus
1076 3558 1155 3631 only.

245 3662 376 3719 Tollitur
390 3662 421 3717 in
436 3662 553 3719 caelum
568 3662 693 3726 clamor,
709 3664 849 3737 versique
865 3664 1000 3722 vicissim

245 3758 457 3833 pulverulenta
472 3760 548 3834 fuga
561 3759 666 3816 Rutuli
681 3760 757 3817 dant
771 3766 858 3836 terga
872 3779 926 3835 per
941 3780 1041 3837 agros.

558 3896 565 3925 ¹
579 3898 682 3945 cuneis:
699 3914 737 3945 see
749 3897 765 3947 l.
778 3898 834 3947 269.
