<?xml version="1.0" encoding="UTF-8"?>
<!DOCTYPE html PUBLIC "-//W3C//DTD XHTML 1.0 Transitional//EN"
    "http://www.w3.org/TR/xhtml1/DTD/xhtml1-transitional.dtd">
<html xmlns="http://www.w3.org/1999/xhtml" xml:lang="en" lang="en">
 <head>
  <title>
</title>
<meta http-equiv="Content-Type" content="text/html;charset=utf-8" />
  <meta name='ocr-system' content='tesseract 3.04.00' />
  <meta name='ocr-capabilities' content='ocr_page ocr_carea ocr_par ocr_line ocrx_word'/>
</head>
<body>
  <div class='ocr_page' id='page_1' title='image "./selectionsfroml01tomlgoog_0149.png"; bbox 0 0 2817 4300; ppageno 0'>
   <div class='ocr_carea' id='block_1_1' title="bbox 550 368 875 434">
    <p class='ocr_par' dir='ltr' id='par_1_1' title="bbox 550 368 875 434">
     <span class='ocr_line' id='line_1_1' title="bbox 550 368 875 434; baseline 0 -2"><span class='ocrx_word' id='word_1_1' title='bbox 550 368 718 432; x_wconf 79' lang='lat' dir='ltr'>vneam&#39;s</span> <span class='ocrx_word' id='word_1_2' title='bbox 741 385 875 434; x_wconf 77' lang='lat' dir='ltr'>mnam.</span> 
     </span>
    </p>
   </div>
   <div class='ocr_carea' id='block_1_2' title="bbox 260 555 1237 1899">
    <p class='ocr_par' dir='ltr' id='par_1_2' title="bbox 262 555 932 629">
     <span class='ocr_line' id='line_1_2' title="bbox 262 555 932 629; baseline 0.003 -17"><span class='ocrx_word' id='word_1_3' title='bbox 262 555 312 613; x_wconf 93' lang='lat' dir='ltr'>ille</span> <span class='ocrx_word' id='word_1_4' title='bbox 327 560 440 625; x_wconf 83' lang='lat' dir='ltr'>autem,</span> <span class='ocrx_word' id='word_1_5' title='bbox 457 555 576 613; x_wconf 77' lang='lat' dir='ltr'>insidiis</span> <span class='ocrx_word' id='word_1_6' title='bbox 591 561 622 613; x_wconf 88' lang='lat' dir='ltr'>et</span> <span class='ocrx_word' id='word_1_7' title='bbox 636 555 704 629; x_wconf 90' lang='lat' dir='ltr'>ripa</span> <span class='ocrx_word' id='word_1_8' title='bbox 718 557 843 614; x_wconf 87' lang='lat' dir='ltr'>territus</span> <span class='ocrx_word' id='word_1_9' title='bbox 858 557 932 628; x_wconf 87' lang='lat' dir='ltr'>alta,</span> 
     </span>
    </p>

    <p class='ocr_par' dir='ltr' id='par_1_3' title="bbox 262 648 1064 728">
     <span class='ocr_line' id='line_1_3' title="bbox 262 648 1064 728; baseline 0.004 -19"><span class='ocrx_word' id='word_1_10' title='bbox 262 653 344 709; x_wconf 90' lang='lat' dir='ltr'>mille</span> <span class='ocrx_word' id='word_1_11' title='bbox 360 653 440 728; x_wconf 84' lang='lat' dir='ltr'>fugit</span> <span class='ocrx_word' id='word_1_12' title='bbox 453 653 628 727; x_wconf 78' lang='lat' dir='ltr'>refugitque</span> <span class='ocrx_word' id='word_1_13' title='bbox 643 653 729 722; x_wconf 83' lang='lat' dir='ltr'>vias3</span> <span class='ocrx_word' id='word_1_14' title='bbox 753 659 786 711; x_wconf 89' lang='lat' dir='ltr'>at</span> <span class='ocrx_word' id='word_1_15' title='bbox 800 648 921 712; x_wconf 76' lang='lat' dir='ltr'>¹vividus</span> <span class='ocrx_word' id='word_1_16' title='bbox 935 652 1064 714; x_wconf 91' lang='lat' dir='ltr'>¹Umber</span> 
     </span>
    </p>

    <p class='ocr_par' dir='ltr' id='par_1_4' title="bbox 261 749 1236 1021">
     <span class='ocr_line' id='line_1_4' title="bbox 262 749 1104 826; baseline 0.005 -19"><span class='ocrx_word' id='word_1_17' title='bbox 262 752 368 807; x_wconf 81' lang='lat' dir='ltr'>haeret</span> <span class='ocrx_word' id='word_1_18' title='bbox 381 751 481 819; x_wconf 87' lang='lat' dir='ltr'>hians,</span> <span class='ocrx_word' id='word_1_19' title='bbox 498 749 693 823; x_wconf 86' lang='lat' dir='ltr'>iamiamque</span> <span class='ocrx_word' id='word_1_20' title='bbox 708 756 793 809; x_wconf 88' lang='lat' dir='ltr'>tenet</span> <span class='ocrx_word' id='word_1_21' title='bbox 807 752 973 826; x_wconf 89' lang='lat' dir='ltr'>similisque</span> <span class='ocrx_word' id='word_1_22' title='bbox 988 755 1104 812; x_wconf 87' lang='lat' dir='ltr'>tenenti</span> 
     </span>
     <span class='ocr_line' id='line_1_5' title="bbox 262 848 1236 922; baseline 0.005 -17"><span class='ocrx_word' id='word_1_23' title='bbox 262 849 413 922; x_wconf 78' lang='lat' dir='ltr'>increpuit</span> <span class='ocrx_word' id='word_1_24' title='bbox 425 848 513 905; x_wconf 91' lang='lat' dir='ltr'>malis</span> <span class='ocrx_word' id='word_1_25' title='bbox 529 865 691 921; x_wconf 91' lang='lat' dir='ltr'>morsuque</span> <span class='ocrx_word' id='word_1_26' title='bbox 707 848 810 906; x_wconf 89' lang='lat' dir='ltr'>elusus</span> <span class='ocrx_word' id='word_1_27' title='bbox 824 849 908 906; x_wconf 91' lang='lat' dir='ltr'>inani</span> <span class='ocrx_word' id='word_1_28' title='bbox 922 856 981 907; x_wconf 85' lang='lat' dir='ltr'>est.</span> <span class='ocrx_word' id='word_1_29' title='bbox 1179 859 1236 910; x_wconf 80' lang='grc'>755</span> 
     </span>
     <span class='ocr_line' id='line_1_6' title="bbox 261 946 1036 1021; baseline 0.004 -19"><span class='ocrx_word' id='word_1_30' title='bbox 261 947 339 1003; x_wconf 86' lang='lat' dir='ltr'>Tum</span> <span class='ocrx_word' id='word_1_31' title='bbox 354 964 428 1004; x_wconf 93' lang='lat' dir='ltr'>vero</span> <span class='ocrx_word' id='word_1_32' title='bbox 442 946 579 1003; x_wconf 82' lang='lat' dir='ltr'>exoritur</span> <span class='ocrx_word' id='word_1_33' title='bbox 592 946 717 1016; x_wconf 87' lang='lat' dir='ltr'>clamor,</span> <span class='ocrx_word' id='word_1_34' title='bbox 733 947 877 1020; x_wconf 82' lang='lat' dir='ltr'>ripaeque</span> <span class='ocrx_word' id='word_1_35' title='bbox 892 947 1036 1021; x_wconf 88' lang='lat' dir='ltr'>lacusque</span> 
     </span>
    </p>

    <p class='ocr_par' dir='ltr' id='par_1_5' title="bbox 261 1043 1080 1118">
     <span class='ocr_line' id='line_1_7' title="bbox 261 1043 1080 1118; baseline 0.002 -19"><span class='ocrx_word' id='word_1_36' title='bbox 261 1049 445 1118; x_wconf 89' lang='lat' dir='ltr'>responsant</span> <span class='ocrx_word' id='word_1_37' title='bbox 459 1044 540 1100; x_wconf 88' lang='lat' dir='ltr'>eirea</span> <span class='ocrx_word' id='word_1_38' title='bbox 554 1048 586 1100; x_wconf 92' lang='lat' dir='ltr'>et</span> <span class='ocrx_word' id='word_1_39' title='bbox 600 1043 718 1100; x_wconf 90' lang='lat' dir='ltr'>caelum</span> <span class='ocrx_word' id='word_1_40' title='bbox 733 1049 822 1101; x_wconf 91' lang='lat' dir='ltr'>tonat</span> <span class='ocrx_word' id='word_1_41' title='bbox 835 1062 923 1102; x_wconf 90' lang='lat' dir='ltr'>omne</span> <span class='ocrx_word' id='word_1_42' title='bbox 939 1045 1080 1102; x_wconf 82' lang='lat' dir='ltr'>tumultu.</span> 
     </span>
    </p>

    <p class='ocr_par' dir='ltr' id='par_1_6' title="bbox 262 1140 1088 1217">
     <span class='ocr_line' id='line_1_8' title="bbox 262 1140 1088 1217; baseline 0.005 -21"><span class='ocrx_word' id='word_1_43' title='bbox 262 1140 318 1197; x_wconf 91' lang='lat' dir='ltr'>Ille</span> <span class='ocrx_word' id='word_1_44' title='bbox 333 1141 423 1197; x_wconf 89' lang='lat' dir='ltr'>simul</span> <span class='ocrx_word' id='word_1_45' title='bbox 437 1141 560 1217; x_wconf 82' lang='lat' dir='ltr'>fugiens</span> <span class='ocrx_word' id='word_1_46' title='bbox 575 1140 706 1198; x_wconf 90' lang='lat' dir='ltr'>Rutulos</span> <span class='ocrx_word' id='word_1_47' title='bbox 722 1142 811 1198; x_wconf 89' lang='lat' dir='ltr'>simul</span> <span class='ocrx_word' id='word_1_48' title='bbox 825 1142 964 1215; x_wconf 90' lang='lat' dir='ltr'>increpat</span> <span class='ocrx_word' id='word_1_49' title='bbox 977 1143 1088 1212; x_wconf 87' lang='lat' dir='ltr'>omnis,</span> 
     </span>
    </p>

    <p class='ocr_par' dir='ltr' id='par_1_7' title="bbox 260 1236 1237 1589">
     <span class='ocr_line' id='line_1_9' title="bbox 262 1236 1176 1316; baseline 0.002 -22"><span class='ocrx_word' id='word_1_50' title='bbox 262 1238 383 1295; x_wconf 87' lang='lat' dir='ltr'>nomine</span> <span class='ocrx_word' id='word_1_51' title='bbox 397 1255 547 1313; x_wconf 87' lang='lat' dir='ltr'>quemque</span> <span class='ocrx_word' id='word_1_52' title='bbox 561 1256 688 1307; x_wconf 80' lang='lat' dir='ltr'>vocans,</span> <span class='ocrx_word' id='word_1_53' title='bbox 706 1244 870 1312; x_wconf 83' lang='lat' dir='ltr'>notumque</span> <span class='ocrx_word' id='word_1_54' title='bbox 884 1236 1048 1316; x_wconf 76' lang='lat' dir='ltr'>²efflagitat</span> <span class='ocrx_word' id='word_1_55' title='bbox 1061 1258 1176 1298; x_wconf 86' lang='lat' dir='ltr'>ensem.</span> 
     </span>
     <span class='ocr_line' id='line_1_10' title="bbox 260 1335 1237 1410; baseline 0.005 -19"><span class='ocrx_word' id='word_1_56' title='bbox 260 1335 385 1392; x_wconf 85' lang='lat' dir='ltr'>Aeneas</span> <span class='ocrx_word' id='word_1_57' title='bbox 399 1341 528 1392; x_wconf 90' lang='lat' dir='ltr'>mortem</span> <span class='ocrx_word' id='word_1_58' title='bbox 542 1343 650 1393; x_wconf 86' lang='lat' dir='ltr'>contra</span> <span class='ocrx_word' id='word_1_59' title='bbox 664 1353 871 1410; x_wconf 89' lang='lat' dir='ltr'>praeseusque</span> <span class='ocrx_word' id='word_1_60' title='bbox 886 1337 1017 1395; x_wconf 90' lang='lat' dir='ltr'>minatur</span> <span class='ocrx_word' id='word_1_61' title='bbox 1179 1345 1237 1396; x_wconf 87' lang='grc'>760</span> 
     </span>
     <span class='ocr_line' id='line_1_11' title="bbox 262 1433 1083 1507; baseline 0.005 -19"><span class='ocrx_word' id='word_1_62' title='bbox 262 1433 401 1503; x_wconf 86' lang='lat' dir='ltr'>exitium,</span> <span class='ocrx_word' id='word_1_63' title='bbox 419 1433 444 1490; x_wconf 89' lang='lat' dir='ltr'>si</span> <span class='ocrx_word' id='word_1_64' title='bbox 459 1433 621 1506; x_wconf 88' lang='lat' dir='ltr'>quisquam</span> <span class='ocrx_word' id='word_1_65' title='bbox 636 1434 739 1502; x_wconf 78' lang='lat' dir='ltr'>adeat,</span> <span class='ocrx_word' id='word_1_66' title='bbox 757 1439 909 1507; x_wconf 86' lang='lat' dir='ltr'>terretque</span> <span class='ocrx_word' id='word_1_67' title='bbox 925 1435 1083 1493; x_wconf 89' lang='lat' dir='ltr'>trementis</span> 
     </span>
     <span class='ocr_line' id='line_1_12' title="bbox 262 1530 1003 1589; baseline 0.001 -1"><span class='ocrx_word' id='word_1_68' title='bbox 262 1530 418 1588; x_wconf 86' lang='lat' dir='ltr'>exisurum</span> <span class='ocrx_word' id='word_1_69' title='bbox 433 1531 538 1587; x_wconf 89' lang='lat' dir='ltr'>urbem</span> <span class='ocrx_word' id='word_1_70' title='bbox 552 1530 699 1587; x_wconf 91' lang='lat' dir='ltr'>minitans</span> <span class='ocrx_word' id='word_1_71' title='bbox 715 1536 745 1588; x_wconf 87' lang='lat' dir='ltr'>et</span> <span class='ocrx_word' id='word_1_72' title='bbox 760 1531 882 1588; x_wconf 88' lang='lat' dir='ltr'>saucius</span> <span class='ocrx_word' id='word_1_73' title='bbox 898 1532 1003 1589; x_wconf 84' lang='lat' dir='ltr'>instat.</span> 
     </span>
    </p>

    <p class='ocr_par' dir='ltr' id='par_1_8' title="bbox 262 1627 1107 1702">
     <span class='ocr_line' id='line_1_13' title="bbox 262 1627 1107 1702; baseline 0.004 -18"><span class='ocrx_word' id='word_1_74' title='bbox 262 1627 402 1701; x_wconf 81' lang='lat' dir='ltr'>Quinque</span> <span class='ocrx_word' id='word_1_75' title='bbox 416 1627 500 1684; x_wconf 90' lang='lat' dir='ltr'>orbis</span> <span class='ocrx_word' id='word_1_76' title='bbox 514 1627 640 1702; x_wconf 87' lang='lat' dir='ltr'>explent</span> <span class='ocrx_word' id='word_1_77' title='bbox 654 1645 745 1685; x_wconf 89' lang='lat' dir='ltr'>cursu</span> <span class='ocrx_word' id='word_1_78' title='bbox 760 1628 949 1701; x_wconf 86' lang='lat' dir='ltr'>totidemque</span> <span class='ocrx_word' id='word_1_79' title='bbox 963 1633 1107 1687; x_wconf 83' lang='lat' dir='ltr'>retexunt</span> 
     </span>
    </p>

    <p class='ocr_par' dir='ltr' id='par_1_9' title="bbox 262 1725 1236 1899">
     <span class='ocr_line' id='line_1_14' title="bbox 262 1725 1095 1801; baseline 0.002 -19"><span class='ocrx_word' id='word_1_80' title='bbox 262 1725 320 1784; x_wconf 90' lang='lat' dir='ltr'>huc</span> <span class='ocrx_word' id='word_1_81' title='bbox 334 1726 424 1796; x_wconf 88' lang='lat' dir='ltr'>illuc;</span> <span class='ocrx_word' id='word_1_82' title='bbox 447 1743 545 1800; x_wconf 87' lang='lat' dir='ltr'>neque</span> <span class='ocrx_word' id='word_1_83' title='bbox 560 1727 642 1783; x_wconf 92' lang='lat' dir='ltr'>enim</span> <span class='ocrx_word' id='word_1_84' title='bbox 656 1726 736 1783; x_wconf 80' lang='lat' dir='ltr'>levia</span> <span class='ocrx_word' id='word_1_85' title='bbox 751 1731 804 1783; x_wconf 88' lang='lat' dir='ltr'>aut</span> <span class='ocrx_word' id='word_1_86' title='bbox 817 1726 935 1783; x_wconf 88' lang='lat' dir='ltr'>ludicra</span> <span class='ocrx_word' id='word_1_87' title='bbox 950 1732 1095 1801; x_wconf 88' lang='lat' dir='ltr'>petuntur</span> 
     </span>
     <span class='ocr_line' id='line_1_15' title="bbox 262 1824 1236 1899; baseline 0.003 -19"><span class='ocrx_word' id='word_1_88' title='bbox 262 1824 408 1897; x_wconf 83' lang='lat' dir='ltr'>praemia,</span> <span class='ocrx_word' id='word_1_89' title='bbox 424 1825 480 1881; x_wconf 89' lang='lat' dir='ltr'>sed</span> <span class='ocrx_word' id='word_1_90' title='bbox 493 1824 590 1880; x_wconf 89' lang='lat' dir='ltr'>Turni</span> <span class='ocrx_word' id='word_1_91' title='bbox 604 1824 642 1880; x_wconf 90' lang='lat' dir='ltr'>de</span> <span class='ocrx_word' id='word_1_92' title='bbox 657 1824 722 1881; x_wconf 89' lang='lat' dir='ltr'>vita</span> <span class='ocrx_word' id='word_1_93' title='bbox 737 1829 769 1880; x_wconf 94' lang='lat' dir='ltr'>et</span> <span class='ocrx_word' id='word_1_94' title='bbox 783 1824 930 1899; x_wconf 84' lang='lat' dir='ltr'>sanguine</span> <span class='ocrx_word' id='word_1_95' title='bbox 945 1829 1075 1882; x_wconf 87' lang='lat' dir='ltr'>certant.</span> <span class='ocrx_word' id='word_1_96' title='bbox 1178 1832 1236 1883; x_wconf 81' lang='grc'>765</span> 
     </span>
    </p>
   </div>
   <div class='ocr_carea' id='block_1_3' title="bbox 302 2001 1126 2076">
    <p class='ocr_par' dir='ltr' id='par_1_10' title="bbox 302 2001 1126 2076">
     <span class='ocr_line' id='line_1_16' title="bbox 302 2001 1126 2076; baseline 0.001 -18"><span class='ocrx_word' id='word_1_97' title='bbox 302 2001 362 2058; x_wconf 79' lang='lat' dir='ltr'>The</span> <span class='ocrx_word' id='word_1_98' title='bbox 373 2003 490 2075; x_wconf 80' lang='lat' dir='ltr'>jocelin</span> <span class='ocrx_word' id='word_1_99' title='bbox 505 2003 544 2074; x_wconf 80' lang='lat' dir='ltr'>os</span> <span class='ocrx_word' id='word_1_100' title='bbox 550 2002 675 2058; x_wconf 84' lang='lat' dir='ltr'>AEnecs</span> <span class='ocrx_word' id='word_1_101' title='bbox 689 2002 788 2076; x_wconf 74' lang='lat' dir='ltr'>lodpes</span> <span class='ocrx_word' id='word_1_102' title='bbox 803 2003 835 2056; x_wconf 82' lang='lat' dir='ltr'>ia</span> <span class='ocrx_word' id='word_1_103' title='bbox 850 2019 870 2058; x_wconf 79' lang='lat' dir='ltr'>a</span> <span class='ocrx_word' id='word_1_104' title='bbox 884 2002 954 2058; x_wconf 82' lang='lat' dir='ltr'>wild</span> <span class='ocrx_word' id='word_1_105' title='bbox 968 2002 1126 2059; x_wconf 77' lang='lat' dir='ltr'>eltae-trec.</span> 
     </span>
    </p>
   </div>
   <div class='ocr_carea' id='block_1_4' title="bbox 259 2113 1236 3167">
    <p class='ocr_par' dir='ltr' id='par_1_11' title="bbox 260 2113 960 2175">
     <span class='ocr_line' id='line_1_17' title="bbox 260 2113 960 2175; baseline -0.001 -1"><span class='ocrx_word' id='word_1_106' title='bbox 260 2116 353 2175; x_wconf 83' lang='lat' dir='ltr'>Forte</span> <span class='ocrx_word' id='word_1_107' title='bbox 367 2134 454 2175; x_wconf 89' lang='lat' dir='ltr'>sacer</span> <span class='ocrx_word' id='word_1_108' title='bbox 467 2116 575 2174; x_wconf 84' lang='lat' dir='ltr'>Fauno</span> <span class='ocrx_word' id='word_1_109' title='bbox 590 2115 673 2174; x_wconf 79' lang='lat' dir='ltr'>foliis</span> <span class='ocrx_word' id='word_1_110' title='bbox 687 2113 834 2173; x_wconf 79' lang='lat' dir='ltr'>³oleaster</span> <span class='ocrx_word' id='word_1_111' title='bbox 849 2117 960 2173; x_wconf 85' lang='lat' dir='ltr'>amaris</span> 
     </span>
    </p>

    <p class='ocr_par' dir='ltr' id='par_1_12' title="bbox 261 2203 1001 2289">
     <span class='ocr_line' id='line_1_18' title="bbox 261 2203 1001 2289; baseline -0.003 -18"><span class='ocrx_word' id='word_1_112' title='bbox 261 2203 310 2272; x_wconf 86' lang='lat' dir='ltr'>hic</span> <span class='ocrx_word' id='word_1_113' title='bbox 324 2219 464 2282; x_wconf 84' lang='lat' dir='ltr'>steterat,</span> <span class='ocrx_word' id='word_1_114' title='bbox 482 2214 584 2271; x_wconf 91' lang='lat' dir='ltr'>nautis</span> <span class='ocrx_word' id='word_1_115' title='bbox 598 2214 670 2271; x_wconf 90' lang='lat' dir='ltr'>olim</span> <span class='ocrx_word' id='word_1_116' title='bbox 684 2213 859 2271; x_wconf 86' lang='lat' dir='ltr'>venerabile</span> <span class='ocrx_word' id='word_1_117' title='bbox 875 2214 1001 2289; x_wconf 84' lang='lat' dir='ltr'>lignum,</span> 
     </span>
    </p>

    <p class='ocr_par' dir='ltr' id='par_1_13' title="bbox 260 2310 958 2387">
     <span class='ocr_line' id='line_1_19' title="bbox 260 2310 958 2387; baseline -0.003 -18"><span class='ocrx_word' id='word_1_118' title='bbox 260 2312 375 2369; x_wconf 87' lang='lat' dir='ltr'>servati</span> <span class='ocrx_word' id='word_1_119' title='bbox 389 2331 429 2369; x_wconf 85' lang='lat' dir='ltr'>ex</span> <span class='ocrx_word' id='word_1_120' title='bbox 442 2312 532 2369; x_wconf 90' lang='lat' dir='ltr'>undis</span> <span class='ocrx_word' id='word_1_121' title='bbox 547 2312 599 2368; x_wconf 87' lang='lat' dir='ltr'>ubi</span> <span class='ocrx_word' id='word_1_122' title='bbox 612 2313 705 2387; x_wconf 87' lang='lat' dir='ltr'>figere</span> <span class='ocrx_word' id='word_1_123' title='bbox 720 2312 802 2369; x_wconf 87' lang='lat' dir='ltr'>dona</span> <span class='ocrx_word' id='word_1_124' title='bbox 816 2310 958 2367; x_wconf 86' lang='lat' dir='ltr'>solebant</span> 
     </span>
    </p>

    <p class='ocr_par' dir='ltr' id='par_1_14' title="bbox 261 2410 972 2482">
     <span class='ocr_line' id='line_1_20' title="bbox 261 2410 972 2482; baseline -0.003 -16"><span class='ocrx_word' id='word_1_125' title='bbox 261 2410 407 2467; x_wconf 81' lang='lat' dir='ltr'>Laurenti</span> <span class='ocrx_word' id='word_1_126' title='bbox 421 2410 493 2467; x_wconf 92' lang='lat' dir='ltr'>divo</span> <span class='ocrx_word' id='word_1_127' title='bbox 508 2415 539 2467; x_wconf 94' lang='lat' dir='ltr'>et</span> <span class='ocrx_word' id='word_1_128' title='bbox 553 2414 642 2467; x_wconf 91' lang='lat' dir='ltr'>votas</span> <span class='ocrx_word' id='word_1_129' title='bbox 656 2410 843 2482; x_wconf 84' lang='lat' dir='ltr'>suspendere</span> <span class='ocrx_word' id='word_1_130' title='bbox 858 2416 972 2477; x_wconf 86' lang='lat' dir='ltr'>vestes,</span> 
     </span>
    </p>

    <p class='ocr_par' dir='ltr' id='par_1_15' title="bbox 260 2507 1236 2692">
     <span class='ocr_line' id='line_1_21' title="bbox 260 2507 1236 2581; baseline 0.002 -17"><span class='ocrx_word' id='word_1_131' title='bbox 260 2508 315 2565; x_wconf 89' lang='lat' dir='ltr'>sed</span> <span class='ocrx_word' id='word_1_132' title='bbox 330 2507 457 2581; x_wconf 89' lang='lat' dir='ltr'>stirpem</span> <span class='ocrx_word' id='word_1_133' title='bbox 471 2508 580 2565; x_wconf 83' lang='lat' dir='ltr'>Teucri</span> <span class='ocrx_word' id='word_1_134' title='bbox 595 2507 678 2564; x_wconf 91' lang='lat' dir='ltr'>nullo</span> <span class='ocrx_word' id='word_1_135' title='bbox 692 2507 867 2564; x_wconf 82' lang='lat' dir='ltr'>discrimine</span> <span class='ocrx_word' id='word_1_136' title='bbox 883 2524 1001 2563; x_wconf 86' lang='lat' dir='ltr'>sacrum</span> <span class='ocrx_word' id='word_1_137' title='bbox 1177 2513 1236 2566; x_wconf 90' lang='grc'>770</span> 
     </span>
     <span class='ocr_line' id='line_1_22' title="bbox 260 2602 1085 2692; baseline -0.002 -30"><span class='ocrx_word' id='word_1_138' title='bbox 260 2606 459 2674; x_wconf 86' lang='lat' dir='ltr'>sustulerant,</span> <span class='ocrx_word' id='word_1_139' title='bbox 474 2602 568 2679; x_wconf 73' lang='lat' dir='ltr'>4puro</span> <span class='ocrx_word' id='word_1_140' title='bbox 579 2610 616 2692; x_wconf 78' lang='lat' dir='ltr'>pt</span> <span class='ocrx_word' id='word_1_141' title='bbox 631 2610 758 2680; x_wconf 87' lang='lat' dir='ltr'>possent</span> <span class='ocrx_word' id='word_1_142' title='bbox 773 2622 951 2661; x_wconf 87' lang='lat' dir='ltr'>concurrere</span> <span class='ocrx_word' id='word_1_143' title='bbox 966 2621 1085 2677; x_wconf 89' lang='lat' dir='ltr'>campo.</span> 
     </span>
    </p>

    <p class='ocr_par' dir='ltr' id='par_1_16' title="bbox 260 2701 1015 2775">
     <span class='ocr_line' id='line_1_23' title="bbox 260 2701 1015 2775; baseline -0.003 -16"><span class='ocrx_word' id='word_1_144' title='bbox 260 2703 320 2760; x_wconf 91' lang='lat' dir='ltr'>Hic</span> <span class='ocrx_word' id='word_1_145' title='bbox 335 2704 424 2760; x_wconf 89' lang='lat' dir='ltr'>hasta</span> <span class='ocrx_word' id='word_1_146' title='bbox 438 2702 563 2760; x_wconf 87' lang='lat' dir='ltr'>Aeneae</span> <span class='ocrx_word' id='word_1_147' title='bbox 579 2703 693 2771; x_wconf 86' lang='lat' dir='ltr'>stabat,</span> <span class='ocrx_word' id='word_1_148' title='bbox 711 2702 769 2759; x_wconf 87' lang='lat' dir='ltr'>huo</span> <span class='ocrx_word' id='word_1_149' title='bbox 785 2702 917 2775; x_wconf 89' lang='lat' dir='ltr'>impetus</span> <span class='ocrx_word' id='word_1_150' title='bbox 932 2701 1015 2757; x_wconf 86' lang='lat' dir='ltr'>illam</span> 
     </span>
    </p>

    <p class='ocr_par' dir='ltr' id='par_1_17' title="bbox 260 2796 992 2858">
     <span class='ocr_line' id='line_1_24' title="bbox 260 2796 992 2858; baseline -0.004 -1"><span class='ocrx_word' id='word_1_151' title='bbox 260 2800 411 2857; x_wconf 87' lang='lat' dir='ltr'>detulerat</span> <span class='ocrx_word' id='word_1_152' title='bbox 425 2802 519 2857; x_wconf 86' lang='lat' dir='ltr'>fixam</span> <span class='ocrx_word' id='word_1_153' title='bbox 533 2805 565 2858; x_wconf 90' lang='lat' dir='ltr'>et</span> <span class='ocrx_word' id='word_1_154' title='bbox 578 2801 663 2857; x_wconf 86' lang='lat' dir='ltr'>lenta</span> <span class='ocrx_word' id='word_1_155' title='bbox 677 2800 708 2856; x_wconf 92' lang='lat' dir='ltr'>in</span> <span class='ocrx_word' id='word_1_156' title='bbox 722 2796 841 2857; x_wconf 83' lang='lat' dir='ltr'>⁵radice</span> <span class='ocrx_word' id='word_1_157' title='bbox 856 2799 992 2855; x_wconf 87' lang='lat' dir='ltr'>tenebat.</span> 
     </span>
    </p>

    <p class='ocr_par' dir='ltr' id='par_1_18' title="bbox 259 2896 994 2978">
     <span class='ocr_line' id='line_1_25' title="bbox 259 2896 994 2978; baseline -0.005 -23"><span class='ocrx_word' id='word_1_158' title='bbox 259 2898 404 2955; x_wconf 89' lang='lat' dir='ltr'>Incubuit</span> <span class='ocrx_word' id='word_1_159' title='bbox 418 2898 573 2978; x_wconf 83' lang='lat' dir='ltr'>voluitque</span> <span class='ocrx_word' id='word_1_160' title='bbox 588 2916 679 2955; x_wconf 88' lang='lat' dir='ltr'>manu</span> <span class='ocrx_word' id='word_1_161' title='bbox 694 2896 865 2955; x_wconf 86' lang='lat' dir='ltr'>convellere</span> <span class='ocrx_word' id='word_1_162' title='bbox 880 2897 994 2952; x_wconf 84' lang='lat' dir='ltr'>ferrum</span> 
     </span>
    </p>

    <p class='ocr_par' dir='ltr' id='par_1_19' title="bbox 259 2994 1234 3167">
     <span class='ocr_line' id='line_1_26' title="bbox 259 2994 1234 3068; baseline 0.001 -17"><span class='ocrx_word' id='word_1_163' title='bbox 259 2995 453 3053; x_wconf 89' lang='lat' dir='ltr'>Dardanides</span> <span class='ocrx_word' id='word_1_164' title='bbox 468 2995 588 3068; x_wconf 90' lang='lat' dir='ltr'>teloque</span> <span class='ocrx_word' id='word_1_165' title='bbox 604 2995 701 3068; x_wconf 84' lang='lat' dir='ltr'>sequi,</span> <span class='ocrx_word' id='word_1_166' title='bbox 717 3012 807 3068; x_wconf 90' lang='lat' dir='ltr'>quem</span> <span class='ocrx_word' id='word_1_167' title='bbox 822 2994 969 3068; x_wconf 88' lang='lat' dir='ltr'>prendere</span> <span class='ocrx_word' id='word_1_168' title='bbox 985 3010 1074 3051; x_wconf 86' lang='lat' dir='ltr'>eursu</span> <span class='ocrx_word' id='word_1_169' title='bbox 1176 3000 1234 3052; x_wconf 85' lang='grc'>775</span> 
     </span>
     <span class='ocr_line' id='line_1_27' title="bbox 259 3091 1113 3167; baseline -0.005 -17"><span class='ocrx_word' id='word_1_170' title='bbox 259 3110 321 3150; x_wconf 94' lang='lat' dir='ltr'>non</span> <span class='ocrx_word' id='word_1_171' title='bbox 336 3098 467 3167; x_wconf 89' lang='lat' dir='ltr'>poterat.</span> <span class='ocrx_word' id='word_1_172' title='bbox 510 3094 590 3149; x_wconf 90' lang='lat' dir='ltr'>Tum</span> <span class='ocrx_word' id='word_1_173' title='bbox 604 3110 678 3150; x_wconf 86' lang='lat' dir='ltr'>vero</span> <span class='ocrx_word' id='word_1_174' title='bbox 692 3110 798 3149; x_wconf 88' lang='lat' dir='ltr'>amens</span> <span class='ocrx_word' id='word_1_175' title='bbox 813 3092 976 3148; x_wconf 86' lang='lat' dir='ltr'>formidine</span> <span class='ocrx_word' id='word_1_176' title='bbox 991 3091 1113 3147; x_wconf 87' lang='lat' dir='ltr'>Turnus</span> 
     </span>
    </p>
   </div>
   <div class='ocr_carea' id='block_1_5' title="bbox 420 3252 1004 3326">
    <p class='ocr_par' dir='ltr' id='par_1_20' title="bbox 420 3252 1004 3326">
     <span class='ocr_line' id='line_1_28' title="bbox 420 3252 1004 3326; baseline -0.005 -17"><span class='ocrx_word' id='word_1_177' title='bbox 420 3253 541 3309; x_wconf 73' lang='lat' dir='ltr'>Tamus</span> <span class='ocrx_word' id='word_1_178' title='bbox 554 3253 627 3310; x_wconf 81' lang='lat' dir='ltr'>calls</span> <span class='ocrx_word' id='word_1_179' title='bbox 641 3271 722 3326; x_wconf 80' lang='lat' dir='ltr'>upon</span> <span class='ocrx_word' id='word_1_180' title='bbox 736 3252 864 3309; x_wconf 81' lang='lat' dir='ltr'>Faunus</span> <span class='ocrx_word' id='word_1_181' title='bbox 871 3253 927 3324; x_wconf 85' lang='lat' dir='ltr'>for</span> <span class='ocrx_word' id='word_1_182' title='bbox 940 3252 1004 3307; x_wconf 85' lang='lat' dir='ltr'>did.</span> 
     </span>
    </p>
   </div>
   <div class='ocr_carea' id='block_1_6' title="bbox 258 3365 1236 3537">
    <p class='ocr_par' dir='ltr' id='par_1_21' title="bbox 258 3365 1236 3537">
     <span class='ocr_line' id='line_1_29' title="bbox 261 3365 1236 3441; baseline -0.003 -18"><span class='ocrx_word' id='word_1_183' title='bbox 261 3367 396 3437; x_wconf 67' lang='lat' dir='ltr'>‘Fauna</span> <span class='ocrx_word' id='word_1_184' title='bbox 414 3384 531 3441; x_wconf 84' lang='lat' dir='ltr'>precor,</span> <span class='ocrx_word' id='word_1_185' title='bbox 547 3366 713 3436; x_wconf 86' lang='lat' dir='ltr'>miserere,&#39;</span> <span class='ocrx_word' id='word_1_186' title='bbox 729 3366 838 3439; x_wconf 85' lang='lat' dir='ltr'>inquit,</span> <span class='ocrx_word' id='word_1_187' title='bbox 856 3370 968 3437; x_wconf 68' lang='lat' dir='ltr'>‘tuque</span> <span class='ocrx_word' id='word_1_188' title='bbox 990 3365 1106 3438; x_wconf 88' lang='lat' dir='ltr'>optima</span> <span class='ocrx_word' id='word_1_189' title='bbox 1120 3366 1236 3421; x_wconf 84' lang='lat' dir='ltr'>ferrum</span> 
     </span>
     <span class='ocr_line' id='line_1_30' title="bbox 258 3463 999 3537; baseline -0.005 -16"><span class='ocrx_word' id='word_1_190' title='bbox 258 3470 340 3522; x_wconf 89' lang='lat' dir='ltr'>terra</span> <span class='ocrx_word' id='word_1_191' title='bbox 354 3470 436 3535; x_wconf 83' lang='lat' dir='ltr'>tene,</span> <span class='ocrx_word' id='word_1_192' title='bbox 453 3464 532 3522; x_wconf 88' lang='lat' dir='ltr'>colui</span> <span class='ocrx_word' id='word_1_193' title='bbox 546 3471 666 3522; x_wconf 88' lang='lat' dir='ltr'>vestros</span> <span class='ocrx_word' id='word_1_194' title='bbox 681 3464 708 3519; x_wconf 90' lang='lat' dir='ltr'>si</span> <span class='ocrx_word' id='word_1_195' title='bbox 723 3480 843 3537; x_wconf 90' lang='lat' dir='ltr'>semper</span> <span class='ocrx_word' id='word_1_196' title='bbox 857 3463 999 3531; x_wconf 89' lang='lat' dir='ltr'>honores,</span> 
     </span>
    </p>
   </div>
   <div class='ocr_carea' id='block_1_7' title="bbox 227 3623 1173 3852">
    <p class='ocr_par' dir='ltr' id='par_1_22' title="bbox 227 3623 1173 3852">
     <span class='ocr_line' id='line_1_31' title="bbox 228 3623 1113 3691; baseline -0.001 -17"><span class='ocrx_word' id='word_1_197' title='bbox 228 3626 356 3686; x_wconf 89' lang='lat' dir='ltr'>1Umber,</span> <span class='ocrx_word' id='word_1_198' title='bbox 368 3644 385 3675; x_wconf 87' lang='lat' dir='ltr'>a</span> <span class='ocrx_word' id='word_1_199' title='bbox 398 3626 444 3691; x_wconf 77' lang='lat' dir='ltr'>dop</span> <span class='ocrx_word' id='word_1_200' title='bbox 456 3627 488 3691; x_wconf 90' lang='lat' dir='ltr'>os</span> <span class='ocrx_word' id='word_1_201' title='bbox 503 3626 613 3676; x_wconf 81' lang='lat' dir='ltr'>Umbria.</span> <span class='ocrx_word' id='word_1_202' title='bbox 820 3624 964 3685; x_wconf 63' lang='lat' dir='ltr'>icleaster,</span> <span class='ocrx_word' id='word_1_203' title='bbox 976 3623 1036 3672; x_wconf 81' lang='lat' dir='ltr'>wild</span> <span class='ocrx_word' id='word_1_204' title='bbox 1046 3623 1113 3673; x_wconf 80' lang='lat' dir='ltr'>olive.</span> 
     </span>
     <span class='ocr_line' id='line_1_32' title="bbox 227 3707 1059 3771; baseline -0.002 -14"><span class='ocrx_word' id='word_1_205' title='bbox 227 3707 239 3740; x_wconf 69' lang='lat'><em>2</em></span> <span class='ocrx_word' id='word_1_206' title='bbox 249 3710 377 3771; x_wconf 86' lang='lat' dir='ltr'>efflagitat</span> <span class='ocrx_word' id='word_1_207' title='bbox 387 3732 411 3752; x_wconf 94' lang='lat'>=</span> <span class='ocrx_word' id='word_1_208' title='bbox 421 3725 482 3758; x_wconf 87' lang='lat' dir='ltr'>cum</span> <span class='ocrx_word' id='word_1_209' title='bbox 494 3709 609 3759; x_wconf 86' lang='lat' dir='ltr'>clamore</span> <span class='ocrx_word' id='word_1_210' title='bbox 622 3708 712 3771; x_wconf 79' lang='lat' dir='ltr'>depos</span> <span class='ocrx_word' id='word_1_211' title='bbox 818 3707 829 3741; x_wconf 78' lang='lat'><strong>⁴</strong></span> <span class='ocrx_word' id='word_1_212' title='bbox 840 3723 908 3769; x_wconf 90' lang='lat' dir='ltr'>puro</span> <span class='ocrx_word' id='word_1_213' title='bbox 920 3729 944 3750; x_wconf 94' lang='lat'>=</span> <span class='ocrx_word' id='word_1_214' title='bbox 958 3713 1059 3769; x_wconf 85' lang='lat' dir='ltr'>aperto.</span> 
     </span>
     <span class='ocr_line' id='line_1_33' title="bbox 283 3787 1173 3852; baseline -0.006 -12"><span class='ocrx_word' id='word_1_215' title='bbox 283 3792 328 3841; x_wconf 87' lang='lat' dir='ltr'>eit.</span> <span class='ocrx_word' id='word_1_216' title='bbox 336 3819 370 3828; x_wconf 93' lang='lat'><em>-</em></span> <span class='ocrx_word' id='word_1_217' title='bbox 378 3791 507 3842; x_wconf 79' lang='lat' dir='ltr'>Ssnvms.</span> <span class='ocrx_word' id='word_1_218' title='bbox 819 3788 832 3822; x_wconf 76' lang='lat'><strong>⁶</strong></span> <span class='ocrx_word' id='word_1_219' title='bbox 843 3790 916 3839; x_wconf 83' lang='lat' dir='ltr'>lenta</span> <span class='ocrx_word' id='word_1_220' title='bbox 927 3789 1024 3848; x_wconf 86' lang='lat' dir='ltr'>radice,</span> <span class='ocrx_word' id='word_1_221' title='bbox 1036 3787 1105 3852; x_wconf 68' lang='lat' dir='ltr'>roupi</span> <span class='ocrx_word' id='word_1_222' title='bbox 1116 3797 1173 3837; x_wconf 84' lang='lat' dir='ltr'>root.</span> 
     </span>
    </p>
   </div>
   <div class='ocr_carea' id='block_1_8' title="bbox 0 0 1414 4300">
    <p class='ocr_par' dir='ltr' id='par_1_23' title="bbox 0 0 1414 4300">
     <span class='ocr_line' id='line_1_34' title="bbox 0 0 1414 4300; baseline 0 0"><span class='ocrx_word' id='word_1_223' title='bbox 0 0 1414 4300; x_wconf 95' lang='lat' dir='ltr'> </span> 
     </span>
    </p>
   </div>
  </div>
 </body>
</html>
