2817 4300
158 390 199 456 70
346 403 563 450 SELECTIONS
586 403 686 450 FROM
710 402 820 448 LATIN
843 401 1025 450 AUTHORS.

231 573 361 632 Palladii
376 572 475 631 caesis
491 589 626 630 summae
642 573 820 629 custodibus
836 573 914 630 arcis

232 689 270 729 ne
285 671 425 739 timeant,
443 689 498 728 nee
513 671 582 743 equi
597 688 689 728 caeca
699 671 864 728 condemur
879 671 909 725 in
925 670 1013 727 alvo:

231 769 298 826 luce
313 767 414 842 palam
429 773 545 825 certum
560 774 608 825 est
619 768 682 844 igni
697 767 883 824 circumdare
900 785 1012 824 muros.

231 866 325 923 Haud
340 865 400 922 sibi
414 883 481 922 cum
497 865 614 922 Danais
628 883 692 922 rem
706 861 798 922 ¹iaxo
813 873 843 922 et
858 866 937 940 pube
952 865 1082 942 Pelasga

160 972 216 1021 155
231 982 300 1022 esse
315 966 426 1033 ferant,
438 964 598 1020 decumum
613 979 689 1035 quos
704 963 824 1020 distulit
838 963 954 1020 Hector
968 964 1000 1020 in
1015 981 1138 1020 annum.

232 1063 323 1119 Nunc
338 1062 427 1130 ade0,
444 1061 548 1117 melior
563 1061 706 1133 quoniam
722 1079 793 1134 pars
808 1067 877 1118 aeta
892 1061 963 1130 diei,
1003 1089 1006 1093 ·

231 1160 311 1233 quod
328 1165 479 1232 superest,
498 1159 569 1216 laeti
585 1159 662 1215 bene
677 1159 774 1235 gestis
789 1177 918 1232 corpora
931 1159 1023 1216 rebus

232 1263 404 1331 procurate,
421 1256 489 1326 viri,
506 1261 537 1313 et
551 1274 685 1332 pugnam
700 1262 821 1330 sperate
836 1256 968 1330 parari.’'
1048 1243 1049 1248 ἵ

304 1498 388 1571 They
402 1515 533 1572 emanqe
547 1497 595 1554 tbe
608 1499 723 1572 qteards
738 1498 800 1554 end
814 1505 872 1555 rest
886 1498 1066 1555 themselves.

232 1647 356 1704 Interea
369 1643 512 1721 ²vigilum
528 1645 666 1703 excubiis
680 1645 821 1702 obsidere
835 1651 940 1720 portas

160 1753 217 1802 160
233 1763 305 1803 cura
319 1746 409 1802 datur
424 1746 571 1817 Messapo
585 1749 617 1800 et
631 1743 752 1800 moenia.
766 1744 887 1819 cingere
901 1744 1042 1800 flammis.

233 1843 287 1900 Bis
302 1848 419 1916 septem
435 1841 552 1909 Rutuli,
569 1859 671 1897 muros
686 1841 739 1914 qui
753 1841 847 1898 milite
864 1847 997 1910 servent,

233 1941 362 2008 delecti3
386 1946 435 1996 ast
450 1939 518 1996 illos
533 1939 655 1995 centeni
669 1956 819 2012 quemque
835 1944 1003 2012 sequuntur

234 2038 376 2112 purpurei
391 2037 492 2094 cristis
508 2037 634 2092 iuvenes
649 2053 783 2108 auroque
799 2037 926 2093 corusci.

234 2135 417 2193 Discurrunt
430 2131 627 2207 3variantque
642 2133 725 2191 vices
741 2133 862 2208 fusique
877 2152 931 2208 per
945 2133 1071 2191 herbam

162 2243 217 2291 165
234 2234 393 2309 indulgent
407 2232 480 2289 vino
495 2237 525 2289 et
539 2236 665 2289 vertunt
680 2239 813 2289 crateras
829 2235 933 2289 aenos.

234 2331 404 2390 Conlucent
419 2331 516 2405 ignee,
534 2337 654 2386 noctem
669 2330 810 2415 custodia
824 2330 908 2388 ducit

234 2430 403 2486 insomnem
419 2428 501 2484 ludo.

234 2527 320 2583 Haec
335 2544 426 2600 super
440 2543 457 2582 e
471 2524 554 2582 vallo
569 2529 769 2598 prospectant
782 2525 879 2582 Troes
894 2530 925 2582 et
939 2525 1031 2582 armis

234 2624 297 2681 alta
311 2628 429 2692 tenent,
446 2640 502 2680 nee
517 2640 579 2680 non
594 2622 706 2695 trepidi
721 2622 885 2679 formidine
900 2628 1005 2697 portas

162 2729 219 2780 170
234 2720 398 2795 explorant
412 2720 575 2794 pontisque
591 2725 622 2776 et
637 2720 866 2795 propugnacula
880 2719 1021 2796 iungunt,

234 2818 295 2876 tela
310 2822 430 2893 gerunt.
474 2817 577 2874 Instat
591 2817 773 2874 Mnestheus
789 2835 917 2890 acerque
933 2817 1085 2888 Serestus,

234 2933 312 2989 quos
326 2921 414 2988 pater
426 2914 563 2982 Aeneas,
581 2914 733 2987 siquando
748 2915 878 2971 adversa
893 2921 1049 2984 vocarent,

235 3018 367 3070 rectores
383 3012 526 3069 iuvenum
541 3016 573 3068 et
586 3030 686 3068 rerum
702 3013 787 3069 dedit
801 3031 869 3069 esse
886 3013 1059 3088 magistros.

234 3109 342 3168 Omnis
357 3127 411 3184 per
425 3126 527 3165 muros
542 3108 635 3185 legin,
651 3106 778 3167 ⁴sortita
793 3110 948 3184 periclum,

162 3217 218 3266 175
234 3208 367 3265 excubat
382 3212 564 3280 exercetque
579 3207 675 3277 vices,
691 3208 774 3281 quod
789 3208 896 3281 cuique
910 3208 1056 3265 tuendum
1071 3214 1128 3265 est.

204 3406 214 3439 ¹
226 3405 390 3470 sanescente
402 3403 520 3467 ‹asfaeio

204 3488 215 3521 2
227 3490 338 3551 vigilum
349 3489 476 3538 excubiis.
513 3486 616 3551 strictly
627 3485 761 3551 speakinq:
780 3487 892 3535 excubiae
905 3487 1014 3537 diurnae
1027 3493 1097 3547 sunt,
1113 3485 1211 3551 vigiliae

160 3579 314 3622 nocturnae.
324 3599 356 3607 -
367 3570 496 3620 Snnvrus.
532 3586 534 3589 ’

204 3653 332 3704 ⁸variant
344 3654 424 3711 vices,
438 3652 492 3717 tlrey
505 3651 580 3700 stand
589 3651 672 3716 quaed
684 3653 714 3716 by
726 3659 841 3699 turna-
850 3652 971 3703 Coornn.

203 3737 214 3770 ⁴
227 3737 320 3785 sortita
332 3736 470 3797 periclum,
483 3734 524 3783 i.e.
537 3732 651 3798 dividinq
668 3750 695 3781 or
706 3734 840 3799 amurryinq
857 3733 893 3783 tle
907 3734 973 3799 peril
984 3734 1035 3784 tlret
1052 3734 1109 3784 eccli
1127 3733 1213 3783 should

160 3834 307 3883 experiente.
