2817 4300
187 369 251 434 174
370 384 588 430 snancrrous
610 385 713 430 raon
737 383 850 430 aArm
872 383 1053 432 Aurrroas.

491 571 540 627 65.
571 571 685 627 ΒΕΑΤΗ
707 588 746 628 or
768 570 930 627 Carreum.
1028 565 1029 568 ’

228 702 289 761 Sed
311 703 453 760 coniecto
478 701 602 775 proelio,
626 706 691 758 tum
714 719 787 759 vero
812 719 950 759 cerneres
972 695 1088 776 quanta
1110 704 1242 762 audacia

187 805 361 874 quantaque
386 799 433 857 vis
462 799 555 855 animi
580 799 611 856 in
636 798 786 855 Catilinae
815 799 951 856 exercitu
980 799 1100 857 fuisset.
1156 801 1240 858 Nam

188 898 264 966 iere,
291 914 381 970 quem
408 896 536 971 quisque
564 896 653 954 vivus
682 897 848 971 pugnando
876 896 976 953 locum
1004 902 1138 970 ceperat,
1168 915 1240 954 eum

187 995 301 1050 amissa
323 995 424 1050 anima
445 1012 571 1068 corpore
594 993 728 1069 tegebat.
773 992 907 1051 Catilina
926 1011 999 1050 vcro
1020 993 1110 1070 longe
1132 1013 1151 1051 a
1172 996 1239 1052 suis

187 1093 266 1149 inter
295 1093 428 1149 hostium
456 1093 607 1149 cadavera
634 1098 774 1166 repertus
803 1096 861 1161 est,
892 1090 1048 1166 paululum
1079 1091 1239 1148 etiamtum

188 1190 319 1263 spiranS,
336 1189 542 1262 ferociamque
565 1188 669 1258 animi,
686 1207 777 1262 quam
799 1188 949 1246 habuerat
968 1189 1069 1258 vivus,
1088 1189 1236 1246 retinens.

186 1289 357 1358 Postremo,
381 1306 420 1344 ex
445 1287 528 1344 omni
552 1287 641 1361 copia
666 1304 764 1360 neque
789 1286 821 1342 in
846 1285 961 1360 proelio
986 1304 1083 1359 neque
1109 1285 1139 1342 in
1164 1288 1240 1363 fuga

188 1385 349 1458 quisquam
371 1384 447 1442 civis
470 1384 619 1460 ingenuus
641 1389 750 1457 captus
776 1386 833 1452 est,
851 1381 894 1438 ita
919 1382 1021 1441 cuncti
1048 1401 1120 1439 suae
1146 1388 1238 1456 atque

187 1482 322 1539 hostium
335 1482 417 1539 vitae
431 1481 545 1555 pariter
560 1486 769 1555 pepercerant.

508 1695 556 1749 66.
586 1693 712 1750 Turnus
734 1691 914 1750 Hosrrnrus.

227 1825 348 1882 Numae
369 1829 466 1882 morte
494 1824 534 1880 ad
558 1823 766 1898 interregnum
792 1840 843 1882 res
868 1823 968 1880 rediit.
1013 1824 1090 1882 Inde
1115 1824 1238 1881 Tullum

188 1921 356 1978 Hostilium
378 1939 479 1996 regem
501 1921 632 1994 populus
655 1921 758 1994 jussit.
813 1921 873 1978 Hic
894 1939 956 1977 uon
978 1921 1075 1978 solum
1098 1922 1239 1995 proximo

187 2019 253 2094 regi
268 2017 436 2084 dissimilia,
451 2017 506 2074 sed
521 2018 654 2074 ferocior
664 2019 756 2074 etiam
768 2017 899 2074 Romulo
910 2019 981 2074 fuit.
1019 2018 1111 2076 Forte
1123 2019 1236 2088 evenit,

188 2123 223 2173 ut
234 2122 371 2192 agrestes
383 2115 514 2173 Romani
526 2132 566 2172 ex
577 2114 702 2172 Albano
717 2133 802 2191 agiu,
816 2115 931 2173 Albani
947 2133 986 2173 ex
1001 2115 1140 2174 Romano
1151 2134 1239 2191 prae-

188 2215 244 2271 das
269 2213 398 2271 invicem
424 2218 560 2289 agerent.
605 2213 807 2287 Imperitabat
831 2219 895 2270 tum
918 2212 953 2270 C.
974 2212 1101 2271 Cluilius
1123 2215 1235 2271 Albae.

187 2313 347 2386 Utrimque
372 2311 466 2387 legati
491 2312 563 2369 fere.
582 2312 639 2368 sub
663 2313 745 2368 idem
771 2316 891 2385 tempus
917 2312 956 2369 ad
980 2328 1030 2369 res
1055 2313 1238 2387 repetendas

187 2409 284 2465 missi.
328 2410 435 2466 Tullus
458 2414 656 2483 praeceperat
677 2409 752 2475 suis,
769 2426 807 2465 nc
829 2408 902 2481 quid
923 2410 1018 2483 prius,
1037 2428 1128 2483 quam
1153 2428 1239 2466 mau-

188 2508 272 2576 data,
299 2512 444 2582 agerent:
471 2507 546 2563 satis
571 2507 690 2563 sciebat
714 2512 895 2581 negaturum
919 2506 1094 2577 Albanum
1120 2507 1163 2565 ita
1188 2508 1238 2581 ple

187 2604 303 2661 bellum
324 2604 416 2661 indici
437 2622 538 2679 posse.
579 2604 631 2661 Ab
648 2604 780 2661 Albanis
802 2604 958 2662 socordius
980 2622 1029 2662 res
1051 2611 1130 2662 aeta.
1175 2606 1239 2661 Ex-

189 2702 269 2775 cepti
292 2702 425 2775 hospitlo
450 2701 489 2758 ab
516 2701 607 2759 Tullo
637 2701 746 2758 blande
776 2719 811 2759 ac
839 2701 981 2777 benigne,
1006 2704 1132 2759 comiter
1156 2704 1238 2778 regis

189 2799 362 2856 convivium
375 2798 540 2856 celebrant.
585 2800 749 2873 Tantisper
764 2800 896 2856 Romani
910 2805 942 2857 et
961 2818 1008 2857 res
1029 2800 1238 2875 repetiverant

188 2898 314 2971 priores,
332 2903 363 2955 et
378 2896 502 2973 neganti
516 2896 640 2954 Albano
654 2895 767 2954 bellum
782 2897 813 2953 in
828 2897 1016 2973 trigesimum
1036 2896 1115 2954 diem
1137 2897 1237 2954 indix-

188 3000 285 3052 erant.
330 2996 417 3053 Haec
431 2995 608 3052 renuntiant
622 2995 724 3052 Tullo.
768 2995 849 3052 Tum
862 2995 972 3071 legatis
987 2995 1095 3052 Tullus
1117 2995 1237 3052 dicendi

188 3099 384 3168 potestatem,
414 3093 488 3168 quid
514 3099 655 3167 petentes
683 3093 834 3162 venerint,
867 3093 953 3151 iacit.
1011 3093 1071 3163 illi,
1103 3092 1237 3149 omnium

187 3192 297 3267 ignari,
321 3192 450 3267 primum
476 3193 636 3269 purgando
661 3197 765 3249 terunt
789 3196 928 3265 tempus:
952 3188 992 3249 Se
1016 3189 1130 3249 invitos
1155 3190 1238 3264 quic-

187 3308 290 3364 quam,
319 3291 401 3364 quod
429 3290 529 3347 minus
558 3291 678 3366 placeat
706 3290 807 3360 Tullo,
837 3289 991 3346 dicturos:
1028 3289 1083 3346 sed
1111 3288 1239 3361 imperio

188 3388 306 3463 subigi;
344 3406 392 3446 res
421 3390 584 3463 repetitum
612 3407 645 3446 se
673 3389 806 3446 venisse.
851 3387 893 3445 Ni
920 3389 1098 3457 reddantur,
1125 3386 1238 3443 bellum

186 3485 319 3543 indicere
334 3487 449 3558 jussos.
485 3487 537 3543 Ad
551 3487 626 3544 haec
640 3485 767 3543 Tullus:
786 3490 807 3520 ‘⁸
819 3485 1000 3555 Nu'ntiate‚’'
1016 3485 1125 3558 iuquit,
1145 3485 1238 3559 “regi

187 3587 300 3648 restro,
318 3600 420 3658 regern
436 3584 607 3640 Romanum
622 3585 696 3641 deos
711 3586 812 3641 faeere
830 3588 937 3652 testes,
954 3589 1022 3641 uter
1036 3583 1120 3657 prius
1141 3600 1237 3657 popu-

187 3678 235 3735 lus
256 3696 304 3735 res
326 3684 499 3752 repetentes
524 3679 643 3755 legatos
669 3685 850 3754 aspernatus
877 3680 1037 3749 dimiserit,
1054 3685 1089 3737 ut
1113 3680 1142 3735 in
1169 3698 1238 3737 eum

187 3792 293 3859 omnes
315 3780 463 3851 expetant
483 3777 608 3851 hujusce
633 3776 736 3834 clades
761 3776 865 3834 belli.''
907 3777 994 3835 Haec
1016 3776 1160 3834 nuntiant
1184 3777 1237 3833 do·
