2817 4300
196 379 236 441 12
377 392 593 438 sunncrrors
618 391 719 437 naon
741 390 853 438 turm
876 390 1059 439 AurHons.

248 565 422 640 imperatori
443 581 533 638 quam
562 563 764 621 constituistis
792 581 916 637 operam
938 563 1019 620 date.
1063 563 1165 622 Unum
1186 565 1244 621 hoc

249 662 397 738 proelium
419 665 578 736 superest;
608 677 668 733 quo
683 661 825 718 coniecto
840 665 871 717 et
891 659 941 716 ille
962 678 1048 716 suam
1063 660 1244 736 dignitatem

249 765 281 816 et
301 777 357 816 nos
373 763 510 816 nostram
531 758 702 815 libertatem
718 757 995 832 recuperabimus.’'
1039 757 1135 814 Simul
1149 759 1245 831 respi-

249 856 333 914 ciens
361 855 536 922 Caesarem,
563 855 753 925 “Faciam’'
775 855 884 928 inquit,
910 855 1042 924 “hodie,
1066 857 1243 929 imperator,

216 959 283 1012 but
304 955 442 1012 autvivo
463 953 536 1009 mihi
559 957 612 1010 aut
632 957 752 1009 mortuo
779 952 895 1028 gratias
917 953 1025 1028 agas.''
1067 953 1155 1010 Haec
1176 971 1245 1010 cum

248 1053 390 1121 dixisset,
408 1052 522 1126 primus
538 1069 578 1108 ex
599 1050 710 1107 dextro
731 1067 823 1106 cornu
847 1052 1045 1123 procucurrit,
1063 1056 1154 1124 atque
1176 1069 1245 1107 eum

248 1148 337 1207 electi
365 1149 477 1205 milites
506 1149 625 1206 circiter
649 1163 715 1204 cxx
740 1147 903 1204 voluntarii
926 1149 1065 1220 ejusdem
1091 1149 1245 1205 centuriae

248 1252 321 1304 sunt
335 1246 497 1321 prosecuti.

288 1343 391 1401 XCII.
422 1344 508 1400 Inter
523 1343 600 1399 duas
616 1342 697 1398 acies
719 1347 839 1399 tantum
853 1347 919 1398 erat
940 1342 1078 1399 relictum
1092 1343 1195 1416 spatii,
1213 1349 1247 1399 ut

196 1447 233 1497 10
249 1442 325 1498 satis
340 1449 423 1498 esset
438 1441 477 1497 ad
498 1457 679 1497 concursum
702 1441 857 1512 utriusque
872 1441 1036 1496 exercitus.
1081 1439 1142 1497 Sed
1156 1441 1247 1496 Pom-

249 1539 336 1614 peius
364 1539 427 1594 suis
455 1537 652 1611 praedixerat
673 1543 706 1619 ut
732 1535 872 1592 Caesaris
897 1537 1043 1610 impetum
1069 1538 1248 1610 exciperent

248 1653 324 1692 neve
340 1653 372 1692 se
386 1635 454 1692 loco
469 1640 637 1698 moverent,
654 1635 809 1706 aciemque
824 1635 892 1706 ejus
906 1634 1034 1690 distrahi
1050 1639 1245 1708 paterentur;

248 1733 338 1806 idque
361 1733 518 1790 admonitu
543 1732 579 1790 C.
602 1731 713 1788 Triarii
738 1732 850 1788 iecisse
875 1731 1045 1797 dicebatur,
1069 1737 1103 1788 ut
1130 1732 1247 1806 primus

209 1817 213 1826 ¹
248 1848 395 1888 excursus
411 1831 516 1903 visque
539 1829 667 1886 rnilitum
690 1829 909 1903 infringeretur
929 1829 1070 1901 aciesque
1092 1830 1247 1886 distende-

197 1935 232 1985 15
248 1933 342 1998 retur,
359 1934 451 2003 atque
466 1929 497 1984 in
513 1929 576 1984 suis
591 1926 749 1984 ordinibus
765 1925 905 1999 dispositi
920 1926 1077 1998 dispersos
1092 1927 1246 1983 adoriren-

249 2031 316 2095 tur,
352 2026 509 2099 leviusque
538 2021 672 2082 ¹⁹casura
701 2023 763 2097 pila
791 2023 936 2097 sperabat
964 2023 994 2079 in
1023 2023 1091 2080 loco
1118 2025 1246 2082 retentis

251 2123 397 2181 militibus
425 2141 515 2197 quam
545 2122 571 2179 si
606 2123 664 2197 ipsi
701 2121 846 2178 immissis
881 2120 949 2178 telis
984 2122 1245 2191 occucurrissent;

249 2221 339 2279 simul
360 2223 427 2278 fore
449 2227 483 2278 ut
504 2220 660 2294 duplicato
682 2237 772 2276 cursu
795 2218 937 2276 Caesaris
956 2219 1067 2276 milites
1090 2221 1246 2276 exanima-

249 2320 353 2376 rentur
374 2325 405 2376 et
426 2319 606 2375 lassitudine
629 2318 859 2374 conficerentur.
903 2316 992 2388 Quod
1013 2318 1102 2374 nobis
1124 2318 1247 2390 quidem

195 2423 234 2473 20
250 2416 332 2473 nulla
353 2417 472 2473 ratione
495 2418 612 2473 tactum
635 2432 652 2471 a
673 2415 820 2487 Pompeio
834 2414 966 2482 ridetur,
983 2420 1143 2488 propterea
1164 2417 1247 2489 quod

249 2520 296 2571 est
317 2515 466 2587 quaedam
492 2513 585 2570 animi
610 2512 749 2569 incitatio
778 2517 869 2584 atque
894 2512 1038 2569 alacritas
1067 2512 1247 2569 naturaliter

248 2612 354 2669 innata
381 2612 534 2679 omnibus,
551 2628 628 2684 quae
659 2610 761 2666 studio
786 2627 907 2684 pugnae
929 2610 1111 2667 incenditur.
1155 2611 1247 2667 Hanc

248 2728 309 2766 non
333 2709 507 2782 reprimere,
535 2708 588 2765 scd
617 2724 728 2783 augere
756 2708 955 2780 imperatores
980 2707 1111 2774 debent3
1148 2724 1245 2779 neque

248 2808 363 2863 frustra
385 2806 553 2879 antiquitus
574 2806 749 2861 institutum
764 2810 812 2861 est
834 2811 867 2860 ut
891 2805 979 2878 signa
1000 2804 1133 2877 undique
1147 2800 1245 2861 2⁰con-

194 2910 232 2961 25
248 2904 385 2961 cinerent
405 2903 628 2975 clamoremque
643 2902 778 2959 universi
799 2900 959 2969 tollerent;
983 2903 1093 2975 quibus
1108 2903 1199 2959 rebus
1214 2908 1246 2959 et

247 3002 352 3057 hostes
367 3000 471 3057 terreri
487 3006 518 3057 et
532 3017 604 3057 suos
619 2999 739 3057 incitari
754 2999 1017 3055 existimaverunt.

288 3097 407 3155 XCIII.
440 3097 500 3156 Sed
516 3098 612 3154 nostri
634 3096 745 3153 milites
761 3097 834 3153 dato
849 3097 937 3172 signo
952 3114 1021 3153 cum
1035 3097 1158 3153 infestis
1174 3097 1245 3170 pilis

248 3196 509 3270 procucurrissent
536 3202 626 3268 atque
652 3194 941 3251 animadvertissent
969 3212 1031 3250 non
1059 3196 1198 3251 concurri
1227 3214 1246 3251 a

247 3293 454 3367 Pompeianis
471 3310 527 3349 usn
550 3293 638 3367 periti
660 3310 695 3349 ac
724 3292 930 3364 superioribus
952 3292 1063 3366 pugnis
1084 3292 1245 3349 exercitati

195 3397 233 3448 30
248 3408 303 3447 sua
325 3396 434 3465 sponte
457 3409 577 3448 cursum
598 3394 808 3463 represserunt
827 3394 858 3445 et
879 3389 919 3445 ad
941 3389 1072 3445 medium
1087 3390 1152 3446 fere
1174 3408 1245 3463 spa-

247 3488 322 3545 tium
338 3489 550 3556 constiterunt,
565 3506 602 3544 ne
618 3488 806 3560 consumptis
821 3487 936 3543 viribus
951 3486 1242 3560 appropinquarent,

247 3603 402 3659 parvoque
423 3586 597 3641 intermisso
619 3584 765 3657 temporis
787 3584 888 3657 spatio
909 3601 945 3641 ac
966 3601 1071 3640 rursus
1096 3591 1244 3642 renovato

270 3714 292 3748 1⁹
304 3730 405 3774 casura,
417 3714 570 3763 understand
581 3731 646 3764 esse.
681 3712 755 3762 From
769 3714 843 3775 cado,
855 3714 957 3775 cadere,
969 3715 1060 3775 cecidi,
1073 3730 1171 3765 casum.

269 3795 291 3829 ἵ)
303 3797 478 3857 concinerent,
485 3797 554 3861 from
567 3812 616 3845 con
629 3804 651 3853 ÷
666 3811 740 3846 cano.
