2817 4300
356 831 575 920 QUINTUS
610 832 824 907 OURTIUS
859 832 1031 909 RUFUS.

627 1040 764 1066 ...m—

351 1225 362 1247 x
403 1193 612 1252 EXPLOITS
635 1193 689 1252 OF
710 1195 989 1253 ALEXANDER.

437 1373 538 1430 nana
551 1373 643 1430 vm.
687 1335 958 1431 ciphri-xiv.

208 1536 287 1595 XII.
331 1535 381 1593 39.
412 1535 488 1591 Inde
503 1534 654 1608 processit
669 1533 852 1603 Embolima,
869 1540 901 1591 ct
917 1535 985 1592 cum
1007 1536 1167 1611 angustias

167 1635 287 1692 itineris
302 1633 436 1690 obsideri
451 1632 559 1707 viginti
574 1632 705 1688 millibus
721 1637 905 1689 armatorum
920 1632 960 1688 ab
975 1633 1073 1707 Eryce
1095 1650 1167 1706 quo·

168 1734 239 1790 dam
258 1730 468 1804 comperisset,
485 1729 608 1804 gravius
631 1747 741 1804 agmen
764 1729 917 1786 exercitus
937 1728 1041 1787 Coeno
1056 1732 1168 1788 ducen-

168 1831 241 1887 dum
257 1827 398 1886 ¹m0dicis
420 1826 578 1884 itineribus
600 1827 738 1884 tradidit.
782 1827 854 1900 Ipse
881 1845 1078 1903 praegressus
1100 1847 1169 1886 curn

168 1925 340 1984 ²iunditore
353 1944 389 1983 ac
400 1925 572 2001 sagittariO,
585 1925 755 1982 deturbatis
766 1925 819 1999 qui
830 1925 1015 1983 obsederant
1028 1923 1166 1996 ³saltum,
1204 1935 1220 1984 5

170 2025 368 2100 sequentihus
383 2020 432 2080 ⁴se
455 2021 551 2096 copiis
565 2022 646 2080 viam
669 2022 755 2080 fecit.
799 2023 869 2080 Indi
891 2022 955 2080 sive
977 2023 1048 2080 odio
1069 2024 1166 2093 ducis,

169 2123 234 2182 sive
262 2123 394 2200 gratiam
421 2120 547 2179 victoris
576 2120 670 2197 Regis
699 2119 814 2189 inituri,
844 2121 974 2196 Erycem
1002 2121 1169 2197 fugientem

170 2222 270 2278 adorti
285 2221 514 2287 interemerunt,
529 2224 681 2293 caputque
697 2220 765 2291 ejus
777 2224 868 2291 atque
882 2237 967 2275 arma
981 2220 1021 2275 ad
1032 2219 1169 2276 Alexan·

169 2320 258 2375 drum
271 2317 456 2375 detulerunt.
501 2316 557 2372 Ille
573 2316 658 2373 iacto
679 2315 890 2389 impunitatem
910 2316 1006 2384 dedit,
1023 2317 1169 2373 honorem

169 2415 333 2491 denegavit
348 2401 510 2487 exemplos
543 2413 625 2469 Hinc
647 2413 687 2470 ad
704 2413 814 2469 flumen
837 2412 948 2469 Indum
969 2414 1066 2470 sextis
1088 2414 1222 2471 deci-10

169 2512 227 2569 mis
242 2512 352 2569 castris
374 2511 524 2585 pervenit,
541 2510 702 2583 omniaque
723 2510 773 2586 (ut
793 2510 996 2584 praeceperat)
1023 2512 1062 2567 nd
1084 2512 1168 2584 traji-

169 2610 311 2667 ciendum
332 2613 514 2682 praeparata
536 2607 576 2663 ab
595 2607 825 2680 Hephaestione
840 2608 962 2680 reperit.
1007 2608 1170 2683 Regnabat

170 2708 200 2763 in
225 2709 261 2763 ea
284 2706 409 2781 regiona
434 2702 574 2778 Omphis,
600 2704 674 2777 ⁴⁴qui
699 2704 779 2778 patri
799 2722 919 2777 quoque
941 2706 1044 2762 fuerat
1064 2713 1170 2763 auctor

169 2803 301 2861 dedendi
330 2820 457 2877 regnum
485 2801 683 2869 Alexandr03
719 2806 751 2859 et
778 2807 851 2875 post
878 2808 1004 2859 mortem
1033 2804 1168 2877 parentis

169 2901 288 2976 legatos
310 2900 446 2967 miserat,
463 2898 515 2972 qui
537 2898 733 2955 consulerent
753 2916 833 2969 eum,
850 2917 978 2975 regnare
999 2918 1032 2957 se
1048 2901 1168 2958 interim
1185 2909 1221 2957 15

169 2998 273 3068 vellet,
298 3015 337 3053 an
359 2996 512 3071 privatum
534 2991 683 3069 ⁵opperiri
705 2997 772 3068 ejus
794 2996 976 3061 adventum;
1007 2998 1169 3070 permisso-

169 3114 228 3169 que
243 3100 278 3152 ut
290 3099 443 3171 regnaret,
461 3110 522 3150 non
537 3097 640 3151 tamen
652 3095 702 3167 jus
718 3094 824 3150 datum
843 3110 988 3167 usurpare
1010 3095 1165 3152 sustinuit.

169 3194 203 3249 Is
224 3192 354 3267 benigne
376 3192 499 3266 quidem
514 3195 677 3264 exceperat
695 3190 968 3263 Hephaestionem,
984 3187 1167 3267 ⁶gratuitum

169 3292 358 3347 frumentum
379 3289 475 3362 copiis
497 3290 564 3361 ejus
587 3289 769 3345 admensus:
793 3306 854 3345 non
877 3295 979 3345 tamen
1000 3290 1028 3346 ei
1048 3287 1167 3347 ⁷occur-

229 3428 263 3476 A.
287 3428 338 3487 Qui
351 3443 455 3489 quoque
467 3427 556 3475 fuerat
569 3434 661 3475 auctor
672 3428 743 3489 patri
755 3428 866 3476 dedendi
879 3444 989 3489 regnum
1001 3430 1162 3479 Alexandro.

202 3554 209 3583 ¹
223 3555 340 3613 modicis,
355 3570 422 3617 easy.
741 3552 752 3583 ⁴
764 3570 798 3612 sc,
811 3554 888 3602 direct
901 3555 1020 3620 objectos
1029 3558 1207 3618 sequentihus.

201 3637 212 3669 ²
224 3638 359 3686 funditore
372 3652 403 3685 ac
416 3635 562 3699 sagittari0,
574 3634 663 3701 sliaper
740 3634 751 3668 ⁶
763 3638 884 3699 opperiri,
896 3637 979 3685 await.

257 3718 310 3767 aad
322 3720 435 3767 bowmau.
739 3717 751 3750 ⁶
763 3718 1012 3784 gratuitumfrecty.

200 3802 212 3836 ⁸
224 3804 331 3862 saltum,
343 3818 360 3850 a
369 3818 438 3867 pass.
743 3799 754 3833 ⁷
765 3808 923 3862 occurrerat,
934 3818 979 3850 raa
991 3809 1014 3851 to
1026 3809 1092 3853 meet.
