<?xml version="1.0" encoding="UTF-8"?>
<!DOCTYPE html PUBLIC "-//W3C//DTD XHTML 1.0 Transitional//EN"
    "http://www.w3.org/TR/xhtml1/DTD/xhtml1-transitional.dtd">
<html xmlns="http://www.w3.org/1999/xhtml" xml:lang="en" lang="en">
 <head>
  <title>
</title>
<meta http-equiv="Content-Type" content="text/html;charset=utf-8" />
  <meta name='ocr-system' content='tesseract 3.04.00' />
  <meta name='ocr-capabilities' content='ocr_page ocr_carea ocr_par ocr_line ocrx_word'/>
</head>
<body>
  <div class='ocr_page' id='page_1' title='image "./selectionsfroml01tomlgoog_0208.png"; bbox 0 0 2817 4300; ppageno 0'>
   <div class='ocr_carea' id='block_1_1' title="bbox 212 379 1070 523">
    <p class='ocr_par' dir='ltr' id='par_1_1' title="bbox 212 379 1070 523">
     <span class='ocr_line' id='line_1_1' title="bbox 212 379 1070 460; baseline -0.002 -15"><span class='ocrx_word' id='word_1_1' title='bbox 212 379 275 445; x_wconf 90' lang='lat'>188</span> <span class='ocrx_word' id='word_1_2' title='bbox 394 395 608 460; x_wconf 75' lang='lat' dir='ltr'>sunnonrous</span> <span class='ocrx_word' id='word_1_3' title='bbox 630 395 733 442; x_wconf 81' lang='lat' dir='ltr'>raon</span> <span class='ocrx_word' id='word_1_4' title='bbox 754 395 867 441; x_wconf 77' lang='lat' dir='ltr'>namn</span> <span class='ocrx_word' id='word_1_5' title='bbox 890 396 1070 444; x_wconf 67' lang='lat' dir='ltr'>sunnone.</span> 
     </span>
     <span class='ocr_line' id='line_1_2' title="bbox 469 461 528 523; baseline 0 -33"><span class='ocrx_word' id='word_1_6' title='bbox 469 461 528 523; x_wconf 50' lang='lat' dir='ltr'>a!</span> 
     </span>
    </p>
   </div>
   <div class='ocr_carea' id='block_1_2' title="bbox 292 560 1205 1323">
    <p class='ocr_par' dir='ltr' id='par_1_2' title="bbox 293 560 1091 642">
     <span class='ocr_line' id='line_1_3' title="bbox 293 560 1091 642; baseline -0.003 -18"><span class='ocrx_word' id='word_1_7' title='bbox 293 560 528 642; x_wconf 64' lang='lat' dir='ltr'>Sangutrieaque</span> <span class='ocrx_word' id='word_1_8' title='bbox 543 583 635 623; x_wconf 88' lang='lat' dir='ltr'>manu</span> <span class='ocrx_word' id='word_1_9' title='bbox 650 566 833 640; x_wconf 79' lang='lat' dir='ltr'>crepitantia</span> <span class='ocrx_word' id='word_1_10' title='bbox 847 567 983 624; x_wconf 76' lang='lat' dir='ltr'>concutit</span> <span class='ocrx_word' id='word_1_11' title='bbox 998 585 1091 623; x_wconf 87' lang='lat' dir='ltr'>arma.</span> 
     </span>
    </p>

    <p class='ocr_par' dir='ltr' id='par_1_3' title="bbox 292 598 1394 837">
     <span class='ocr_line' id='line_1_4' title="bbox 292 662 1127 739; baseline 0 -19"><span class='ocrx_word' id='word_1_12' title='bbox 292 662 415 725; x_wconf 75' lang='lat' dir='ltr'>Vivitur</span> <span class='ocrx_word' id='word_1_13' title='bbox 429 681 469 720; x_wconf 89' lang='lat' dir='ltr'>ex</span> <span class='ocrx_word' id='word_1_14' title='bbox 483 668 582 736; x_wconf 84' lang='lat' dir='ltr'>rapto.</span> <span class='ocrx_word' id='word_1_15' title='bbox 628 663 699 721; x_wconf 92' lang='lat' dir='ltr'>Nou</span> <span class='ocrx_word' id='word_1_16' title='bbox 714 664 826 737; x_wconf 85' lang='lat' dir='ltr'>hospes</span> <span class='ocrx_word' id='word_1_17' title='bbox 841 665 880 721; x_wconf 92' lang='lat' dir='ltr'>ab</span> <span class='ocrx_word' id='word_1_18' title='bbox 894 664 1015 739; x_wconf 85' lang='lat' dir='ltr'>hospite</span> <span class='ocrx_word' id='word_1_19' title='bbox 1031 670 1127 734; x_wconf 87' lang='lat' dir='ltr'>tutus,</span> 
     </span>
     <span class='ocr_line' id='line_1_5' title="bbox 292 761 1205 837; baseline -0.001 -19"><span class='ocrx_word' id='word_1_20' title='bbox 292 761 365 818; x_wconf 88' lang='lat' dir='ltr'>Non</span> <span class='ocrx_word' id='word_1_21' title='bbox 380 777 467 818; x_wconf 82' lang='lat' dir='ltr'>socer</span> <span class='ocrx_word' id='word_1_22' title='bbox 481 778 499 816; x_wconf 92' lang='lat' dir='ltr'>a</span> <span class='ocrx_word' id='word_1_23' title='bbox 513 778 645 836; x_wconf 69' lang='lat' dir='ltr'>generor</span> <span class='ocrx_word' id='word_1_24' title='bbox 667 761 798 818; x_wconf 82' lang='lat' dir='ltr'><strong>fratrum</strong></span> <span class='ocrx_word' id='word_1_25' title='bbox 813 779 932 835; x_wconf 91' lang='lat' dir='ltr'>quoque</span> <span class='ocrx_word' id='word_1_26' title='bbox 947 763 1047 837; x_wconf 86' lang='lat' dir='ltr'>gratia</span> <span class='ocrx_word' id='word_1_27' title='bbox 1061 781 1130 818; x_wconf 85' lang='lat' dir='ltr'>rara</span> <span class='ocrx_word' id='word_1_28' title='bbox 1144 767 1205 819; x_wconf 88' lang='lat' dir='ltr'>est.</span> 
     </span>
    </p>

    <p class='ocr_par' dir='ltr' id='par_1_4' title="bbox 292 858 976 935">
     <span class='ocr_line' id='line_1_6' title="bbox 292 858 976 935; baseline 0.001 -21"><span class='ocrx_word' id='word_1_29' title='bbox 292 858 438 915; x_wconf 84' lang='lat' dir='ltr'>Imminet</span> <span class='ocrx_word' id='word_1_30' title='bbox 451 858 547 915; x_wconf 86' lang='lat' dir='ltr'>exitio</span> <span class='ocrx_word' id='word_1_31' title='bbox 561 858 609 914; x_wconf 88' lang='lat' dir='ltr'>vir</span> <span class='ocrx_word' id='word_1_32' title='bbox 622 859 775 935; x_wconf 72' lang='lat' dir='ltr'>coniugis,</span> <span class='ocrx_word' id='word_1_33' title='bbox 793 859 844 915; x_wconf 90' lang='lat' dir='ltr'>illa</span> <span class='ocrx_word' id='word_1_34' title='bbox 858 860 976 915; x_wconf 90' lang='lat' dir='ltr'>mariti:</span> 
     </span>
    </p>

    <p class='ocr_par' dir='ltr' id='par_1_5' title="bbox 293 956 1037 1014">
     <span class='ocr_line' id='line_1_7' title="bbox 293 956 1037 1014; baseline -0.001 -1"><span class='ocrx_word' id='word_1_35' title='bbox 293 956 408 1013; x_wconf 87' lang='lat' dir='ltr'>Lurida</span> <span class='ocrx_word' id='word_1_36' title='bbox 421 956 572 1013; x_wconf 83' lang='lat' dir='ltr'>terribiles</span> <span class='ocrx_word' id='word_1_37' title='bbox 587 957 719 1014; x_wconf 83' lang='lat' dir='ltr'>miscent</span> <span class='ocrx_word' id='word_1_38' title='bbox 732 957 854 1014; x_wconf 80' lang='lat' dir='ltr'>aconita</span> <span class='ocrx_word' id='word_1_39' title='bbox 870 975 1037 1014; x_wconf 81' lang='lat' dir='ltr'>novercae:</span> 
     </span>
    </p>

    <p class='ocr_par' dir='ltr' id='par_1_6' title="bbox 293 1052 1021 1128">
     <span class='ocr_line' id='line_1_8' title="bbox 293 1052 1021 1128; baseline 0 -18"><span class='ocrx_word' id='word_1_40' title='bbox 293 1052 391 1111; x_wconf 84' lang='lat' dir='ltr'>Filius</span> <span class='ocrx_word' id='word_1_41' title='bbox 405 1059 477 1110; x_wconf 85' lang='lat' dir='ltr'>ante</span> <span class='ocrx_word' id='word_1_42' title='bbox 491 1054 573 1110; x_wconf 90' lang='lat' dir='ltr'>diem</span> <span class='ocrx_word' id='word_1_43' title='bbox 587 1055 704 1128; x_wconf 87' lang='lat' dir='ltr'>patrios</span> <span class='ocrx_word' id='word_1_44' title='bbox 720 1054 845 1128; x_wconf 90' lang='lat' dir='ltr'>inquirit</span> <span class='ocrx_word' id='word_1_45' title='bbox 858 1055 891 1111; x_wconf 91' lang='lat' dir='ltr'>in</span> <span class='ocrx_word' id='word_1_46' title='bbox 906 1072 1021 1111; x_wconf 91' lang='lat' dir='ltr'>annos:</span> 
     </span>
    </p>

    <p class='ocr_par' dir='ltr' id='par_1_7' title="bbox 293 1151 1054 1228">
     <span class='ocr_line' id='line_1_9' title="bbox 293 1151 1054 1228; baseline 0 -20"><span class='ocrx_word' id='word_1_47' title='bbox 293 1151 385 1208; x_wconf 88' lang='lat' dir='ltr'>Vieta</span> <span class='ocrx_word' id='word_1_48' title='bbox 395 1153 480 1225; x_wconf 79' lang='lat' dir='ltr'>jacet</span> <span class='ocrx_word' id='word_1_49' title='bbox 493 1151 616 1208; x_wconf 86' lang='lat' dir='ltr'>Pietas:</span> <span class='ocrx_word' id='word_1_50' title='bbox 639 1157 671 1209; x_wconf 90' lang='lat' dir='ltr'>et</span> <span class='ocrx_word' id='word_1_51' title='bbox 684 1151 772 1228; x_wconf 85' lang='lat' dir='ltr'>virgo</span> <span class='ocrx_word' id='word_1_52' title='bbox 787 1153 881 1210; x_wconf 81' lang='lat' dir='ltr'>caede</span> <span class='ocrx_word' id='word_1_53' title='bbox 895 1152 1054 1209; x_wconf 87' lang='lat' dir='ltr'>madentes</span> 
     </span>
    </p>

    <p class='ocr_par' dir='ltr' id='par_1_8' title="bbox 293 1244 1000 1323">
     <span class='ocr_line' id='line_1_10' title="bbox 293 1244 1000 1323; baseline -0.006 -15"><span class='ocrx_word' id='word_1_54' title='bbox 293 1247 411 1308; x_wconf 89' lang='lat' dir='ltr'>Ultima</span> <span class='ocrx_word' id='word_1_55' title='bbox 425 1244 592 1306; x_wconf 78' lang='lat' dir='ltr'>coelestum</span> <span class='ocrx_word' id='word_1_56' title='bbox 606 1253 704 1306; x_wconf 86' lang='lat' dir='ltr'>terras</span> <span class='ocrx_word' id='word_1_57' title='bbox 719 1249 854 1306; x_wconf 85' lang='lat' dir='ltr'>Astraea</span> <span class='ocrx_word' id='word_1_58' title='bbox 868 1249 1000 1323; x_wconf 91' lang='lat' dir='ltr'>reliquit.</span> 
     </span>
    </p>
   </div>
   <div class='ocr_carea' id='block_1_3' title="bbox 595 1491 883 1559">
    <p class='ocr_par' dir='ltr' id='par_1_9' title="bbox 595 1491 883 1559">
     <span class='ocr_line' id='line_1_11' title="bbox 595 1491 883 1559; baseline -0.003 -12"><span class='ocrx_word' id='word_1_59' title='bbox 595 1492 645 1547; x_wconf 89' lang='lat'>80.</span> <span class='ocrx_word' id='word_1_60' title='bbox 675 1491 883 1559; x_wconf 75' lang='lat' dir='ltr'>Tuaqmurus.</span> 
     </span>
    </p>
   </div>
   <div class='ocr_carea' id='block_1_4' title="bbox 156 1637 1270 2492">
    <p class='ocr_par' dir='ltr' id='par_1_10' title="bbox 214 1637 1270 1908">
     <span class='ocr_line' id='line_1_12' title="bbox 254 1637 1270 1712; baseline 0 -18"><span class='ocrx_word' id='word_1_61' title='bbox 254 1637 342 1695; x_wconf 88' lang='lat' dir='ltr'>Bello</span> <span class='ocrx_word' id='word_1_62' title='bbox 376 1637 492 1696; x_wconf 90' lang='lat' dir='ltr'>Sabino</span> <span class='ocrx_word' id='word_1_63' title='bbox 525 1638 676 1711; x_wconf 82' lang='lat' dir='ltr'>prefecto,</span> <span class='ocrx_word' id='word_1_64' title='bbox 702 1637 888 1711; x_wconf 83' lang='lat' dir='ltr'>Tarquinius</span> <span class='ocrx_word' id='word_1_65' title='bbox 917 1637 1107 1712; x_wconf 88' lang='lat' dir='ltr'>triumphans</span> <span class='ocrx_word' id='word_1_66' title='bbox 1136 1637 1270 1694; x_wconf 80' lang='lat' dir='ltr'><strong>Romam</strong></span> 
     </span>
     <span class='ocr_line' id='line_1_13' title="bbox 214 1735 1268 1808; baseline -0.002 -16"><span class='ocrx_word' id='word_1_67' title='bbox 214 1735 315 1792; x_wconf 87' lang='lat' dir='ltr'>rediit.</span> <span class='ocrx_word' id='word_1_68' title='bbox 359 1735 436 1791; x_wconf 90' lang='lat' dir='ltr'>Inde</span> <span class='ocrx_word' id='word_1_69' title='bbox 466 1735 584 1790; x_wconf 89' lang='lat' dir='ltr'>Latinis</span> <span class='ocrx_word' id='word_1_70' title='bbox 613 1735 725 1808; x_wconf 89' lang='lat' dir='ltr'>bellum</span> <span class='ocrx_word' id='word_1_71' title='bbox 754 1735 843 1792; x_wconf 85' lang='lat' dir='ltr'>i&#39;eoit:</span> <span class='ocrx_word' id='word_1_72' title='bbox 873 1735 925 1798; x_wconf 89' lang='lat' dir='ltr'>ubi</span> <span class='ocrx_word' id='word_1_73' title='bbox 954 1753 1103 1808; x_wconf 82' lang='lat' dir='ltr'>nusquam</span> <span class='ocrx_word' id='word_1_74' title='bbox 1132 1736 1170 1791; x_wconf 88' lang='lat' dir='ltr'>nd</span> <span class='ocrx_word' id='word_1_75' title='bbox 1198 1735 1268 1790; x_wconf 89' lang='lat' dir='ltr'>uui-</span> 
     </span>
     <span class='ocr_line' id='line_1_14' title="bbox 214 1831 1269 1908; baseline -0.002 -18"><span class='ocrx_word' id='word_1_76' title='bbox 214 1850 322 1891; x_wconf 86' lang='lat' dir='ltr'>versae</span> <span class='ocrx_word' id='word_1_77' title='bbox 351 1832 394 1888; x_wconf 88' lang='lat' dir='ltr'>rei</span> <span class='ocrx_word' id='word_1_78' title='bbox 422 1831 651 1890; x_wconf 77' lang='lat' dir='ltr'>dimicationem</span> <span class='ocrx_word' id='word_1_79' title='bbox 674 1840 801 1889; x_wconf 86' lang='lat' dir='ltr'>ventum</span> <span class='ocrx_word' id='word_1_80' title='bbox 829 1837 886 1889; x_wconf 79' lang='lat' dir='ltr'>est</span> <span class='ocrx_word' id='word_1_81' title='bbox 931 1833 983 1889; x_wconf 81' lang='lat' dir='ltr'>Ad</span> <span class='ocrx_word' id='word_1_82' title='bbox 1007 1832 1127 1908; x_wconf 85' lang='lat' dir='ltr'>singula</span> <span class='ocrx_word' id='word_1_83' title='bbox 1151 1833 1269 1906; x_wconf 89' lang='lat' dir='ltr'>oppida</span> 
     </span>
    </p>

    <p class='ocr_par' dir='ltr' id='par_1_11' title="bbox 156 1929 1269 2492">
     <span class='ocr_line' id='line_1_15' title="bbox 156 1929 1269 1998; baseline -0.001 -10"><span class='ocrx_word' id='word_1_84' title='bbox 156 1937 165 1954; x_wconf 81' lang='lat'><strong><em>⁴</em></strong></span> <span class='ocrx_word' id='word_1_85' title='bbox 214 1930 456 1988; x_wconf 81' lang='lat' dir='ltr'>eimumferendo</span> <span class='ocrx_word' id='word_1_86' title='bbox 479 1947 575 1998; x_wconf 85' lang='lat' dir='ltr'>arma,</span> <span class='ocrx_word' id='word_1_87' title='bbox 599 1948 689 1986; x_wconf 92' lang='lat' dir='ltr'>omne</span> <span class='ocrx_word' id='word_1_88' title='bbox 713 1947 823 1987; x_wconf 91' lang='lat' dir='ltr'>nomen</span> <span class='ocrx_word' id='word_1_89' title='bbox 848 1930 992 1987; x_wconf 89' lang='lat' dir='ltr'>Latinum</span> <span class='ocrx_word' id='word_1_90' title='bbox 1013 1929 1140 1986; x_wconf 84' lang='lat' dir='ltr'>domuit.</span> <span class='ocrx_word' id='word_1_91' title='bbox 1184 1930 1269 1987; x_wconf 87' lang='lat' dir='ltr'>Paee</span> 
     </span>
     <span class='ocr_line' id='line_1_16' title="bbox 214 2027 1268 2101; baseline 0 -17"><span class='ocrx_word' id='word_1_92' title='bbox 214 2027 324 2085; x_wconf 90' lang='lat' dir='ltr'>deiude</span> <span class='ocrx_word' id='word_1_93' title='bbox 350 2027 445 2097; x_wconf 84' lang='lat' dir='ltr'>faeta,</span> <span class='ocrx_word' id='word_1_94' title='bbox 467 2027 574 2084; x_wconf 86' lang='lat' dir='ltr'>urbem</span> <span class='ocrx_word' id='word_1_95' title='bbox 596 2045 683 2084; x_wconf 83' lang='lat' dir='ltr'>muro</span> <span class='ocrx_word' id='word_1_96' title='bbox 706 2027 839 2101; x_wconf 77' lang='lat' dir='ltr'>lapideo,</span> <span class='ocrx_word' id='word_1_97' title='bbox 861 2029 948 2100; x_wconf 84' lang='lat' dir='ltr'>cujus</span> <span class='ocrx_word' id='word_1_98' title='bbox 977 2027 1135 2085; x_wconf 84' lang='lat' dir='ltr'>exordium</span> <span class='ocrx_word' id='word_1_99' title='bbox 1163 2028 1268 2100; x_wconf 83' lang='lat' dir='ltr'>operis</span> 
     </span>
     <span class='ocr_line' id='line_1_17' title="bbox 215 2124 1267 2202; baseline -0.003 -17"><span class='ocrx_word' id='word_1_100' title='bbox 215 2125 330 2185; x_wconf 84' lang='lat' dir='ltr'>Sabino</span> <span class='ocrx_word' id='word_1_101' title='bbox 352 2125 432 2183; x_wconf 93' lang='lat' dir='ltr'>bello</span> <span class='ocrx_word' id='word_1_102' title='bbox 454 2126 610 2183; x_wconf 86' lang='lat' dir='ltr'>turbatum</span> <span class='ocrx_word' id='word_1_103' title='bbox 633 2131 709 2195; x_wconf 81' lang='lat' dir='ltr'>erat,</span> <span class='ocrx_word' id='word_1_104' title='bbox 732 2124 854 2202; x_wconf 81' lang='lat' dir='ltr'>cingere</span> <span class='ocrx_word' id='word_1_105' title='bbox 874 2131 981 2200; x_wconf 86' lang='lat' dir='ltr'>parat:</span> <span class='ocrx_word' id='word_1_106' title='bbox 1006 2131 1038 2183; x_wconf 87' lang='lat' dir='ltr'>et</span> <span class='ocrx_word' id='word_1_107' title='bbox 1060 2126 1161 2183; x_wconf 86' lang='lat' dir='ltr'>intima</span> <span class='ocrx_word' id='word_1_108' title='bbox 1179 2126 1267 2183; x_wconf 83' lang='lat' dir='ltr'>urbis</span> 
     </span>
     <span class='ocr_line' id='line_1_18' title="bbox 213 2223 1266 2282; baseline -0.001 -2"><span class='ocrx_word' id='word_1_109' title='bbox 213 2223 282 2282; x_wconf 84' lang='lat' dir='ltr'>loca</span> <span class='ocrx_word' id='word_1_110' title='bbox 296 2224 410 2281; x_wconf 86' lang='lat' dir='ltr'>oloaois</span> <span class='ocrx_word' id='word_1_111' title='bbox 424 2225 455 2280; x_wconf 94' lang='lat' dir='ltr'>in</span> <span class='ocrx_word' id='word_1_112' title='bbox 470 2224 607 2281; x_wconf 86' lang='lat' dir='ltr'>Tiberim</span> <span class='ocrx_word' id='word_1_113' title='bbox 621 2225 722 2282; x_wconf 85' lang='lat' dir='ltr'>ductis</span> <span class='ocrx_word' id='word_1_114' title='bbox 737 2225 851 2281; x_wconf 84' lang='lat' dir='ltr'>siccat:</span> <span class='ocrx_word' id='word_1_115' title='bbox 868 2229 900 2281; x_wconf 86' lang='lat' dir='ltr'>et</span> <span class='ocrx_word' id='word_1_116' title='bbox 922 2242 1024 2281; x_wconf 90' lang='lat' dir='ltr'>aream</span> <span class='ocrx_word' id='word_1_117' title='bbox 1045 2226 1084 2281; x_wconf 90' lang='lat' dir='ltr'>ad</span> <span class='ocrx_word' id='word_1_118' title='bbox 1103 2224 1210 2281; x_wconf 88' lang='lat' dir='ltr'>aedem</span> <span class='ocrx_word' id='word_1_119' title='bbox 1233 2225 1266 2280; x_wconf 94' lang='lat' dir='ltr'>in</span> 
     </span>
     <span class='ocr_line' id='line_1_19' title="bbox 214 2320 1265 2397; baseline 0 -18"><span class='ocrx_word' id='word_1_120' title='bbox 214 2321 368 2396; x_wconf 86' lang='lat' dir='ltr'>Capitolio</span> <span class='ocrx_word' id='word_1_121' title='bbox 381 2321 480 2389; x_wconf 79' lang='lat' dir='ltr'>Jovis,</span> <span class='ocrx_word' id='word_1_122' title='bbox 492 2339 584 2394; x_wconf 91' lang='lat' dir='ltr'>quam</span> <span class='ocrx_word' id='word_1_123' title='bbox 599 2327 728 2379; x_wconf 83' lang='lat' dir='ltr'>voverat</span> <span class='ocrx_word' id='word_1_124' title='bbox 740 2321 822 2378; x_wconf 92' lang='lat' dir='ltr'>bello</span> <span class='ocrx_word' id='word_1_125' title='bbox 837 2320 963 2388; x_wconf 80' lang='lat' dir='ltr'>Sabino,</span> <span class='ocrx_word' id='word_1_126' title='bbox 973 2325 1037 2396; x_wconf 90' lang='lat' dir='ltr'>jam</span> <span class='ocrx_word' id='word_1_127' title='bbox 1053 2322 1265 2397; x_wconf 80' lang='lat' dir='ltr'>praesagiente</span> 
     </span>
     <span class='ocr_line' id='line_1_20' title="bbox 215 2417 1263 2492; baseline -0.002 -16"><span class='ocrx_word' id='word_1_128' title='bbox 215 2419 317 2477; x_wconf 89' lang='lat' dir='ltr'>auimo</span> <span class='ocrx_word' id='word_1_129' title='bbox 331 2420 467 2475; x_wconf 81' lang='lat' dir='ltr'>suturam</span> <span class='ocrx_word' id='word_1_130' title='bbox 481 2419 555 2475; x_wconf 93' lang='lat' dir='ltr'>olim</span> <span class='ocrx_word' id='word_1_131' title='bbox 569 2417 801 2492; x_wconf 86' lang='lat' dir='ltr'>amplitudinem</span> <span class='ocrx_word' id='word_1_132' title='bbox 811 2418 883 2487; x_wconf 84' lang='lat' dir='ltr'>loci,</span> <span class='ocrx_word' id='word_1_133' title='bbox 896 2424 1027 2492; x_wconf 78' lang='lat' dir='ltr'>occupat</span> <span class='ocrx_word' id='word_1_134' title='bbox 1041 2419 1263 2475; x_wconf 80' lang='lat' dir='ltr'>fundamentis.</span> 
     </span>
    </p>
   </div>
   <div class='ocr_carea' id='block_1_5' title="bbox 482 2662 998 2720">
    <p class='ocr_par' dir='ltr' id='par_1_12' title="bbox 482 2662 998 2720">
     <span class='ocr_line' id='line_1_21' title="bbox 482 2662 998 2720; baseline 0.004 -3"><span class='ocrx_word' id='word_1_135' title='bbox 482 2662 532 2718; x_wconf 87' lang='lat'>81.</span> <span class='ocrx_word' id='word_1_136' title='bbox 576 2662 648 2719; x_wconf 80' lang='lat' dir='ltr'>Tua</span> <span class='ocrx_word' id='word_1_137' title='bbox 669 2663 800 2719; x_wconf 73' lang='lat' dir='ltr'>Parrus</span> <span class='ocrx_word' id='word_1_138' title='bbox 820 2679 860 2720; x_wconf 87' lang='lat' dir='ltr'>or</span> <span class='ocrx_word' id='word_1_139' title='bbox 880 2663 998 2720; x_wconf 77' lang='lat' dir='ltr'>Vanus.</span> 
     </span>
    </p>
   </div>
   <div class='ocr_carea' id='block_1_6' title="bbox 184 2806 1240 3859">
    <p class='ocr_par' dir='ltr' id='par_1_13' title="bbox 293 2806 1240 3568">
     <span class='ocr_line' id='line_1_22' title="bbox 297 2806 1171 2885; baseline 0 -18"><span class='ocrx_word' id='word_1_140' title='bbox 297 2808 357 2867; x_wconf 88' lang='lat' dir='ltr'>“O</span> <span class='ocrx_word' id='word_1_141' title='bbox 372 2815 471 2883; x_wconf 85' lang='lat' dir='ltr'>pater,</span> <span class='ocrx_word' id='word_1_142' title='bbox 488 2806 515 2865; x_wconf 91' lang='grc' dir='ltr'><strong>Ο</strong></span> <span class='ocrx_word' id='word_1_143' title='bbox 530 2808 684 2865; x_wconf 91' lang='lat' dir='ltr'>hominum</span> <span class='ocrx_word' id='word_1_144' title='bbox 699 2827 860 2883; x_wconf 88' lang='lat' dir='ltr'>rerumque</span> <span class='ocrx_word' id='word_1_145' title='bbox 876 2816 1001 2867; x_wconf 87' lang='lat' dir='ltr'>aeterua</span> <span class='ocrx_word' id='word_1_146' title='bbox 1015 2811 1171 2885; x_wconf 87' lang='lat' dir='ltr'>potestas!</span> 
     </span>
     <span class='ocr_line' id='line_1_23' title="bbox 295 2906 1225 2982; baseline -0.001 -18"><span class='ocrx_word' id='word_1_147' title='bbox 295 2906 436 2979; x_wconf 89' lang='lat' dir='ltr'>Namque</span> <span class='ocrx_word' id='word_1_148' title='bbox 452 2906 533 2963; x_wconf 92' lang='lat' dir='ltr'>aliud</span> <span class='ocrx_word' id='word_1_149' title='bbox 549 2906 622 2979; x_wconf 88' lang='lat' dir='ltr'>quid</span> <span class='ocrx_word' id='word_1_150' title='bbox 638 2907 689 2976; x_wconf 86' lang='lat' dir='ltr'>sit,</span> <span class='ocrx_word' id='word_1_151' title='bbox 707 2908 789 2980; x_wconf 92' lang='lat' dir='ltr'>quod</span> <span class='ocrx_word' id='word_1_152' title='bbox 804 2909 867 2980; x_wconf 77' lang='lat' dir='ltr'>Jam</span> <span class='ocrx_word' id='word_1_153' title='bbox 883 2908 1043 2982; x_wconf 82' lang='lat' dir='ltr'>implorare</span> <span class='ocrx_word' id='word_1_154' title='bbox 1058 2906 1225 2981; x_wconf 83' lang='lat' dir='ltr'>queamus?</span> 
     </span>
     <span class='ocr_line' id='line_1_24' title="bbox 295 3002 1086 3081; baseline -0.001 -19"><span class='ocrx_word' id='word_1_155' title='bbox 295 3002 403 3062; x_wconf 85' lang='lat' dir='ltr'>Cernis</span> <span class='ocrx_word' id='word_1_156' title='bbox 419 3007 453 3060; x_wconf 91' lang='lat' dir='ltr'>ut</span> <span class='ocrx_word' id='word_1_157' title='bbox 467 3002 617 3060; x_wconf 83' lang='lat' dir='ltr'>insultent</span> <span class='ocrx_word' id='word_1_158' title='bbox 631 3004 737 3060; x_wconf 87' lang='lat' dir='ltr'>Rutuli</span> <span class='ocrx_word' id='word_1_159' title='bbox 752 3004 934 3077; x_wconf 85' lang='lat' dir='ltr'>Turnusque</span> <span class='ocrx_word' id='word_1_160' title='bbox 953 3002 1086 3081; x_wconf 82' lang='lat' dir='ltr'>[feratur</span> 
     </span>
     <span class='ocr_line' id='line_1_25' title="bbox 294 3100 1108 3179; baseline 0.001 -21"><span class='ocrx_word' id='word_1_161' title='bbox 294 3119 349 3177; x_wconf 89' lang='lat' dir='ltr'>per</span> <span class='ocrx_word' id='word_1_162' title='bbox 363 3100 481 3158; x_wconf 89' lang='lat' dir='ltr'>medios</span> <span class='ocrx_word' id='word_1_163' title='bbox 496 3100 626 3176; x_wconf 90' lang='lat' dir='ltr'>insignis</span> <span class='ocrx_word' id='word_1_164' title='bbox 641 3101 727 3173; x_wconf 87' lang='lat' dir='ltr'>equis</span> <span class='ocrx_word' id='word_1_165' title='bbox 744 3100 954 3179; x_wconf 85' lang='lat' dir='ltr'>tumidusque]</span> <span class='ocrx_word' id='word_1_166' title='bbox 973 3103 1108 3159; x_wconf 87' lang='lat' dir='ltr'>seeundo</span> 
     </span>
     <span class='ocr_line' id='line_1_26' title="bbox 294 3196 1240 3275; baseline -0.002 -19"><span class='ocrx_word' id='word_1_167' title='bbox 294 3200 396 3257; x_wconf 87' lang='lat' dir='ltr'>Marte</span> <span class='ocrx_word' id='word_1_168' title='bbox 412 3196 501 3256; x_wconf 83' lang='lat' dir='ltr'>ruat?</span> <span class='ocrx_word' id='word_1_169' title='bbox 544 3198 615 3255; x_wconf 91' lang='lat' dir='ltr'>Nou</span> <span class='ocrx_word' id='word_1_170' title='bbox 630 3198 735 3255; x_wconf 84' lang='lat' dir='ltr'>clausa</span> <span class='ocrx_word' id='word_1_171' title='bbox 750 3204 859 3275; x_wconf 87' lang='lat' dir='ltr'>tegunt</span> <span class='ocrx_word' id='word_1_172' title='bbox 873 3202 934 3272; x_wconf 87' lang='lat' dir='ltr'>jam</span> <span class='ocrx_word' id='word_1_173' title='bbox 951 3201 1071 3257; x_wconf 90' lang='lat' dir='ltr'>moenia</span> <span class='ocrx_word' id='word_1_174' title='bbox 1086 3200 1240 3257; x_wconf 83' lang='lat' dir='ltr'>Teucros:</span> 
     </span>
     <span class='ocr_line' id='line_1_27' title="bbox 294 3294 1053 3372; baseline 0.004 -20"><span class='ocrx_word' id='word_1_175' title='bbox 294 3297 367 3371; x_wconf 90' lang='lat' dir='ltr'>quin</span> <span class='ocrx_word' id='word_1_176' title='bbox 382 3294 462 3353; x_wconf 87' lang='lat' dir='ltr'>intra</span> <span class='ocrx_word' id='word_1_177' title='bbox 476 3301 581 3371; x_wconf 89' lang='lat' dir='ltr'>portas</span> <span class='ocrx_word' id='word_1_178' title='bbox 596 3302 687 3369; x_wconf 87' lang='lat' dir='ltr'>atque</span> <span class='ocrx_word' id='word_1_179' title='bbox 701 3297 778 3372; x_wconf 87' lang='lat' dir='ltr'>ipsis</span> <span class='ocrx_word' id='word_1_180' title='bbox 793 3298 908 3372; x_wconf 89' lang='lat' dir='ltr'>proelia</span> <span class='ocrx_word' id='word_1_181' title='bbox 922 3298 1053 3355; x_wconf 85' lang='lat' dir='ltr'>miscent</span> 
     </span>
     <span class='ocr_line' id='line_1_28' title="bbox 295 3393 1144 3472; baseline 0.001 -21"><span class='ocrx_word' id='word_1_182' title='bbox 295 3393 458 3471; x_wconf 85' lang='lat' dir='ltr'>aggeribus</span> <span class='ocrx_word' id='word_1_183' title='bbox 474 3411 645 3453; x_wconf 88' lang='lat' dir='ltr'>moerorum</span> <span class='ocrx_word' id='word_1_184' title='bbox 660 3401 691 3452; x_wconf 88' lang='lat' dir='ltr'>et</span> <span class='ocrx_word' id='word_1_185' title='bbox 705 3395 856 3453; x_wconf 89' lang='lat' dir='ltr'>inundant</span> <span class='ocrx_word' id='word_1_186' title='bbox 867 3398 1015 3472; x_wconf 90' lang='lat' dir='ltr'>sanguine</span> <span class='ocrx_word' id='word_1_187' title='bbox 1031 3398 1144 3453; x_wconf 82' lang='lat' dir='ltr'>fossas.</span> 
     </span>
     <span class='ocr_line' id='line_1_29' title="bbox 293 3492 1037 3568; baseline 0 -18"><span class='ocrx_word' id='word_1_188' title='bbox 293 3494 418 3550; x_wconf 86' lang='lat' dir='ltr'>Aeneas</span> <span class='ocrx_word' id='word_1_189' title='bbox 434 3492 558 3568; x_wconf 87' lang='lat' dir='ltr'>ignarus</span> <span class='ocrx_word' id='word_1_190' title='bbox 574 3492 670 3549; x_wconf 84' lang='lat' dir='ltr'>abest.</span> <span class='ocrx_word' id='word_1_191' title='bbox 715 3493 927 3566; x_wconf 86' lang='lat' dir='ltr'>Numquamne</span> <span class='ocrx_word' id='word_1_192' title='bbox 943 3494 1037 3551; x_wconf 89' lang='lat' dir='ltr'>levari</span> 
     </span>
    </p>

    <p class='ocr_par' dir='ltr' id='par_1_14' title="bbox 184 3588 1118 3859">
     <span class='ocr_line' id='line_1_30' title="bbox 184 3588 1101 3648; baseline 0 -1"><span class='ocrx_word' id='word_1_193' title='bbox 184 3631 189 3638; x_wconf 82' lang='lat'>-</span> <span class='ocrx_word' id='word_1_194' title='bbox 294 3589 454 3647; x_wconf 89' lang='lat' dir='ltr'>obsidione</span> <span class='ocrx_word' id='word_1_195' title='bbox 471 3588 574 3646; x_wconf 85' lang='lat' dir='ltr'>sines?</span> <span class='ocrx_word' id='word_1_196' title='bbox 615 3590 714 3646; x_wconf 87' lang='lat' dir='ltr'>Muris</span> <span class='ocrx_word' id='word_1_197' title='bbox 730 3590 837 3646; x_wconf 81' lang='lat' dir='ltr'>iterum</span> <span class='ocrx_word' id='word_1_198' title='bbox 853 3592 989 3647; x_wconf 82' lang='lat' dir='ltr'>imminet</span> <span class='ocrx_word' id='word_1_199' title='bbox 1004 3592 1101 3648; x_wconf 87' lang='lat' dir='ltr'>hostis</span> 
     </span>
     <span class='ocr_line' id='line_1_31' title="bbox 295 3684 1042 3765; baseline 0.003 -22"><span class='ocrx_word' id='word_1_200' title='bbox 295 3686 451 3744; x_wconf 84' lang='lat' dir='ltr'>nascentis</span> <span class='ocrx_word' id='word_1_201' title='bbox 466 3686 578 3759; x_wconf 88' lang='lat' dir='ltr'>Trojae</span> <span class='ocrx_word' id='word_1_202' title='bbox 597 3684 670 3761; x_wconf 88' lang='lat' dir='ltr'>[nee</span> <span class='ocrx_word' id='word_1_203' title='bbox 685 3705 745 3742; x_wconf 88' lang='lat' dir='ltr'>nou</span> <span class='ocrx_word' id='word_1_204' title='bbox 762 3688 914 3744; x_wconf 84' lang='lat' dir='ltr'>exereitus</span> <span class='ocrx_word' id='word_1_205' title='bbox 930 3688 1006 3745; x_wconf 77' lang='lat' dir='ltr'>ulter·</span> <span class='ocrx_word' id='word_1_206' title='bbox 1018 3687 1042 3765; x_wconf 77' lang='grc' dir='ltr'>ς]</span> 
     </span>
     <span class='ocr_line' id='line_1_32' title="bbox 295 3780 1118 3859; baseline 0.001 -19"><span class='ocrx_word' id='word_1_207' title='bbox 295 3788 387 3855; x_wconf 85' lang='lat' dir='ltr'>atque</span> <span class='ocrx_word' id='word_1_208' title='bbox 402 3780 512 3839; x_wconf 85' lang='lat' dir='ltr'>iterum</span> <span class='ocrx_word' id='word_1_209' title='bbox 525 3782 557 3840; x_wconf 89' lang='lat' dir='ltr'>in</span> <span class='ocrx_word' id='word_1_210' title='bbox 571 3782 707 3839; x_wconf 83' lang='lat' dir='ltr'>Teucros</span> <span class='ocrx_word' id='word_1_211' title='bbox 723 3783 843 3839; x_wconf 86' lang='lat' dir='ltr'>Aetolis</span> <span class='ocrx_word' id='word_1_212' title='bbox 858 3785 955 3859; x_wconf 84' lang='lat' dir='ltr'>surgit</span> <span class='ocrx_word' id='word_1_213' title='bbox 971 3786 1009 3841; x_wconf 89' lang='lat' dir='ltr'>ab</span> <span class='ocrx_word' id='word_1_214' title='bbox 1024 3786 1118 3859; x_wconf 82' lang='lat' dir='ltr'>Arpis</span> 
     </span>
    </p>
   </div>
   <div class='ocr_carea' id='block_1_7' title="bbox 0 0 1414 4300">
    <p class='ocr_par' dir='ltr' id='par_1_15' title="bbox 0 0 1414 4300">
     <span class='ocr_line' id='line_1_33' title="bbox 0 0 1414 4300; baseline 0 1"><span class='ocrx_word' id='word_1_215' title='bbox 0 0 1414 4300; x_wconf 95' lang='lat' dir='ltr'> </span> 
     </span>
    </p>
   </div>
  </div>
 </body>
</html>
