2817 4300
532 366 581 413 nn
603 367 719 413 nunno
741 367 865 414 civim.
1204 350 1224 418 'l

169 544 242 596 runt
264 538 462 612 celeriterque
485 555 588 613 pugna
610 545 809 595 excesserunt
820 561 828 609 3
857 556 918 595 non
940 539 1021 595 enim
1041 539 1098 596 has
1119 544 1172 596 eut

170 640 355 710 conspectus
380 635 497 709 patriae
523 640 576 692 aut
597 635 837 710 propinquorum
857 641 1022 711 praecepta
1050 635 1090 694 ad
1118 654 1171 693 ex·

171 738 302 789 tremum
329 733 410 788 vitae
436 731 603 805 periculum
627 733 713 790 adire
730 733 893 809 cogebant.
937 733 1047 808 Itaque
1072 751 1113 790 ox
1134 751 1172 791 co

171 847 298 886 numero
326 828 450 887 navium
472 829 556 885 nulla
577 830 752 909 desiderata
772 836 838 900 est3
868 849 908 901 ex
929 829 1171 888 Massiliensium

171 927 270 984 classe
291 944 312 982 r
328 932 400 983 sunt
421 927 596 1000 depressae.¹
612 945 662 983 1111
681 933 803 1001 captae,
821 946 881 984 una
902 946 970 985 cnm
993 927 1172 985 Nasidianis
1206 936 1223 984 5

172 1024 329 1099 profugit;
358 1041 436 1097 quac
458 1041 564 1080 omnes
586 1024 759 1082 citeriorem
780 1025 964 1100 Hispaniam
985 1025 1169 1098 petiverunt.

170 1122 218 1178 At
245 1140 284 1178 ex
312 1121 436 1194 reliquis
466 1140 526 1178 una
555 1122 725 1196 praemissa
753 1111 926 1179 Massiliam
954 1123 1045 1195 hujus
1073 1123 1172 1180 nuntii

171 1219 348 1294 perferendi
370 1219 472 1295 gratia
496 1237 565 1276 cum
593 1221 657 1292 jam
680 1221 942 1294 appropinquaret
966 1220 1046 1290 urbi,
1071 1219 1171 1277 omnis

172 1334 241 1374 sese
256 1314 418 1372 multitudo
433 1316 552 1386 effudit,
570 1321 602 1374 et
615 1335 648 1374 re
663 1317 788 1393 cognita
802 1323 906 1375 tantus
921 1316 1021 1374 luctus
1036 1318 1170 1392 excepit,

171 1419 208 1471 ut
236 1415 309 1470 urbs
340 1414 379 1470 ab
410 1413 551 1470 hostibus
583 1419 673 1488 capta
707 1415 814 1472 eodem
841 1415 973 1491 vestigio
1003 1415 1225 1473 videretur.10

172 1510 386 1568 Massilienses
407 1515 510 1568 tamen
532 1511 626 1569 nihilo
647 1507 774 1570 ²²seeius
794 1513 836 1570 ad
856 1512 1067 1571 defensionem
1087 1512 1171 1569 urbis

173 1607 290 1682 reliqua
305 1625 454 1682 apparare
469 1613 645 1682 coeperunt.

363 1877 464 1934 Lusus
484 1878 631 1948 Tharros,
648 1877 726 1936 Car.
751 1877 1037 1938 LXXXIV-XCV.

454 2039 517 2095 The
532 2039 631 2095 Bottle
645 2047 678 2095 at
692 2039 952 2112 Paloepbursolus.

216 2200 395 2257 LXXXIV.
426 2201 472 2258 Re
494 2202 696 2258 frumentaria
722 2208 906 2276 praeparata
927 2203 1172 2276 confirmatisque

174 2298 321 2355 militibus
343 2303 374 2355 et
395 2298 472 2355 satis
499 2298 592 2375 longo
614 2299 715 2373 spatio
736 2300 884 2374 temporis
912 2319 931 2357 a
953 2300 1173 2376 Dyrrhachinis

174 2394 298 2469 proeliis
320 2396 505 2466 intermisso,
522 2414 583 2469 quo
605 2396 681 2452 satis
697 2401 891 2470 perspectum
911 2397 1024 2454 habere
1045 2397 1174 2454 militum
1190 2403 1226 2453 15

175 2494 309 2549 animum
327 2492 492 2563 videretur,
515 2492 718 2549 *tentandum
741 2490 856 2551 Caesar
878 2494 1067 2551 existimavit
1087 2495 1173 2568 quid·

175 2608 247 2646 nam
274 2590 437 2663 Pompeius
459 2590 609 2665 propositi
629 2596 683 2647 aut
710 2590 879 2649 voluntatis
901 2592 940 2649 ad
968 2592 1174 2648 dimicandum

175 2687 311 2744 haberet.
357 2687 465 2761 Itaque
490 2706 530 2743 ex
559 2687 668 2745 castris
693 2689 863 2745 exercitum
888 2689 996 2746 eduxit
1018 2690 1173 2762 aciemque

175 2784 334 2854 instruxit,
352 2785 449 2859 primo
464 2784 527 2841 suis
542 2785 618 2841 locis
633 2785 785 2859 pauloque
800 2805 819 2842 a
833 2787 942 2843 castris
956 2786 1094 2860 Pompeii
1108 2786 1174 2842 lon·

175 2881 255 2957 gius,
267 2877 510 2939 ¹continentibus
525 2898 599 2939 vero
613 2882 723 2939 diebus
739 2888 773 2939 ut
787 2884 1021 2959 progrederetur
1032 2902 1051 2940 a
1065 2883 1174 2940 castris
1189 2889 1227 2940 20

175 2978 441 3052 suiscollibusquc
463 2979 659 3052 Pompeianis
683 2980 778 3037 aciem
799 2980 973 3054 subjiceret.
1018 2980 1174 3053 Quaeres

176 3076 207 3131 in
224 3076 290 3133 dies
308 3076 562 3133 confirmatiorem
585 3077 651 3149 ejus
674 3078 843 3134 exercitum
860 3078 1020 3135 efficiebat.
1062 3074 1174 3151 ²Supe-

174 3173 238 3229 rius
253 3178 355 3230 tamen
370 3173 543 3231 institutum
560 3172 591 3229 iu
606 3174 771 3248 equitibus,
788 3176 870 3247 quod
883 3176 1173 3245 demonstravimus,

175 3271 331 3340 servabat,
355 3276 399 3341 ut,
423 3271 566 3344 quoniam
589 3290 715 3329 numero
736 3270 840 3328 multis
863 3272 1000 3345 partibus
1022 3277 1105 3329 esset
1129 3272 1175 3328 in·
1218 3335 1222 3341 .

219 3399 253 3449 A.
278 3399 376 3449 Caesar
395 3400 561 3448 existimavit
584 3401 711 3461 quidnam
735 3401 876 3463 Pompeius
899 3402 1008 3449 haberet
1031 3401 1158 3462 propositi
1182 3407 1228 3450 aut

175 3482 320 3539 voluntatis
334 3482 367 3530 ad
380 3482 565 3541 dimicandum,
578 3482 744 3530 tentandum.

285 3597 307 3629 ²²
316 3598 410 3657 secius,
422 3596 475 3647 less.

296 3679 306 3713 ¹
319 3680 522 3729 Continentibus
535 3695 597 3728 vero
610 3680 710 3739 diebus,
723 3680 762 3727 but
775 3679 864 3744 durinq
875 3681 1006 3730 successive
1018 3680 1091 3745 days.

296 3761 308 3813 ἓ
321 3762 448 3825 Superius
460 3762 620 3821 institutum,
631 3761 669 3810 lis
678 3762 792 3826 previous
800 3762 918 3826 practice.
