2817 4300
526 393 645 442 suom
667 392 870 440 EXTRAOTS.

529 586 598 655 114.
628 598 699 655 Tan
721 595 864 655 Consar.

209 727 374 804 Recipiunt
394 729 464 787 inde
486 746 519 787 se
541 730 581 787 ad
602 730 778 799 stationem,
802 734 833 786 et
853 730 914 787 dno
935 727 967 784 in
989 726 1089 785 medio
1111 729 1221 786 armati

169 824 336 902 spectaculi
351 827 449 903 magis
464 844 547 884 more
568 844 661 901 quam
681 827 749 903 lege
772 826 843 884 belli
865 825 1082 895 destituuntur,
1106 842 1221 898 nequa·

168 942 261 997 quam
286 925 354 982 visu
379 942 415 982 ac
444 924 544 999 specie
570 925 803 982 aestimantibus
829 941 929 997 pares.
984 921 1103 996 Corpus
1133 923 1219 981 alteri

167 1021 377 1096 magnitudine
406 1022 562 1092 eximium,
589 1021 764 1080 versicolori
790 1027 876 1079 veste
906 1020 1057 1095 pictisque
1086 1025 1117 1078 et
1146 1039 1219 1080 auro

167 1119 294 1176 caelatis
319 1120 476 1196 refulgens
500 1120 611 1176 armis:
641 1120 741 1177 media
763 1119 794 1176 in
816 1119 912 1177 altero
935 1119 1075 1175 militaris
1100 1124 1219 1177 statura

167 1217 346 1291 modicaque
368 1217 398 1274 in
421 1217 512 1274 armis
534 1218 686 1274 habilibus
708 1218 806 1294 magis
827 1235 919 1290 quam
940 1216 1058 1273 decoris
1080 1217 1216 1290 species:

167 1331 228 1370 non
252 1321 360 1372 cantus
385 1333 446 1372 non
472 1315 639 1372 exsultatio
664 1332 876 1388 armorumque
898 1315 1026 1389 agitatio
1048 1333 1140 1383 vana,
1164 1316 1218 1372 sed

165 1415 274 1485 pectus
289 1413 458 1469 animorum
472 1412 594 1486 iraeque
614 1413 726 1469 tacitae
748 1411 871 1486 plenum
890 1430 1011 1469 omnem
1026 1412 1172 1468 ferociam
1188 1413 1218 1470 in

165 1508 330 1566 discrimen
345 1509 445 1583 ipsum
459 1510 634 1567 certaminis
655 1509 827 1567 distulerat.
871 1510 934 1568 Ubi
953 1509 1118 1567 constitere
1140 1510 1219 1567 inter

166 1607 244 1663 duas
258 1607 340 1664 acies
355 1611 402 1664 tot
416 1607 497 1664 circa
516 1607 689 1664 mortalium
712 1607 821 1664 animis
843 1625 897 1680 spe
919 1612 1061 1680 metuque
1083 1607 1217 1682 penden-

164 1703 259 1774 tibus,
283 1703 392 1762 Gallus
414 1705 498 1761 velut
518 1705 614 1769 moles
636 1723 766 1778 superne
789 1705 949 1761 imminens
972 1706 1109 1778 projecto
1130 1704 1218 1762 laeva

166 1806 254 1858 scuto
275 1800 306 1858 in
328 1802 521 1859 advenientis
543 1821 627 1859 arma
649 1802 747 1859 hostis
761 1820 875 1860 vanum
889 1802 1002 1860 caesim
1017 1818 1086 1858 cum
1100 1802 1218 1878 ingenti

166 1899 268 1956 sonitu
292 1917 397 1956 ensem
421 1900 552 1973 dejecit:
584 1900 753 1968 Romanus,
778 1917 922 1956 mucrone
947 1899 1100 1968 subrecto,
1124 1917 1217 1972 quum

166 2000 254 2054 scuto
277 2003 396 2054 scutum
418 1996 511 2053 imum
533 1997 715 2070 perculisset
737 2003 861 2070 totoque
882 2014 1007 2070 corpore
1031 1997 1218 2054 insinuasset

166 2110 199 2151 se
214 2093 292 2151 inter
307 2111 416 2169 corpus
431 2112 585 2169 armaque,
601 2112 663 2153 uno
677 2094 835 2169 ulteroque
857 2095 986 2153 subinde
1001 2095 1064 2153 ictu
1080 2100 1218 2153 ventrem

166 2196 257 2264 atque
275 2192 400 2267 inguina
420 2194 521 2249 hausit
542 2200 574 2250 et
594 2194 625 2249 in
647 2194 782 2267 spatium
803 2193 911 2268 ingens
925 2198 1064 2251 ruentem
1079 2193 1219 2267 porrexit

166 2289 302 2346 hostem:
335 2290 466 2363 jacentis
491 2290 561 2347 inde
587 2308 697 2364 corpus
725 2308 787 2348 uno
812 2295 919 2365 torque
944 2290 1100 2365 spoliavit,
1126 2308 1216 2364 quem

165 2403 338 2460 respersum
361 2404 466 2444 cruore
492 2387 570 2444 collo
594 2388 792 2445 circumdedit
818 2406 883 2445 suo.
938 2388 1097 2445 Dclixerat
1121 2406 1217 2461 pavor

166 2500 234 2540 cnm
249 2484 449 2541 admiratione
462 2484 589 2542 Gallos:
613 2485 743 2542 Romani
760 2485 876 2542 alacres
892 2485 930 2541 ab
946 2486 1078 2543 statione
1093 2485 1215 2542 obviam

165 2580 253 2637 militi
268 2599 324 2638 suo
338 2582 510 2657 praegressi
525 2582 716 2657 gratulantes
731 2582 952 2655 laudantesque
974 2583 1013 2639 ad
1034 2582 1216 2660 dictatorem
1280 2658 1281 2661 Ἴ

165 2679 344 2751 perducunt.

354 2875 421 2930 115.
452 2874 524 2930 Tnn
538 2874 701 2931 Enurnou
722 2892 787 2931 ann
809 2892 871 2931 nnn
892 2875 1025 2933 Fmonr.

205 3002 256 3059 Ab
281 3002 378 3060 altero
402 3003 497 3061 latere
523 3005 619 3061 nubes
645 3010 712 3061 atra
737 3009 769 3062 et
792 3006 955 3074 horrenda,
983 3004 1063 3080 ignei
1089 3005 1214 3079 spiritus
1301 3042 1303 3045 -

165 3099 254 3155 tortis
278 3100 465 3173 vibratisque
490 3102 677 3158 discursibus
706 3111 807 3175 rupta,
834 3102 865 3159 in
894 3102 1001 3178 longas
1026 3090 1215 3159 flammaium

164 3198 276 3272 figuras
304 3198 499 3267 dehiscebat3
532 3198 704 3273 fulguribus
733 3198 802 3255 illae
831 3206 861 3257 et
884 3200 998 3256 similes
1027 3204 1058 3257 et
1082 3202 1215 3273 majores

164 3300 262 3351 erant.
317 3296 383 3353 Nec
410 3296 506 3352 multo
534 3302 605 3370 post
633 3297 730 3353 nubes
759 3296 809 3353 illa
834 3298 1018 3354 descendere
1047 3298 1077 3353 in
1104 3303 1212 3366 terras,

163 3393 282 3467 operire
307 3394 413 3450 maria.
465 3395 544 3451 Tum
565 3399 662 3451 mater
683 3412 781 3463 orare,
804 3381 929 3465 hortari,
949 3394 1068 3469 jubere,
1091 3412 1214 3468 quoquo

163 3492 255 3549 modo
273 3493 429 3568 fugerem;
454 3510 543 3567 posse
559 3494 639 3550 enim
657 3496 820 3568 juvenem;
843 3510 875 3549 se
892 3498 922 3549 et
937 3492 1025 3549 annis
1043 3497 1074 3549 et
1088 3510 1214 3566 corpore

163 3606 289 3663 gravem
309 3589 387 3647 bene
409 3590 596 3660 morituram,
620 3592 645 3647 si
667 3590 741 3647 mihi
763 3594 856 3647 causa
880 3590 986 3647 mortis
1008 3607 1068 3645 non
1091 3590 1211 3646 suisset.

164 3685 233 3760 Ego
247 3692 365 3746 contra.
382 3686 499 3743 salvum
514 3706 573 3756 me,
590 3688 649 3744 nisi
663 3706 736 3756 una,
751 3704 810 3744 non
826 3688 981 3756 futurum3
1004 3688 1075 3744 dein
1091 3704 1214 3743 manum

164 3782 232 3854 ejus
257 3781 416 3857 amplexus
444 3783 556 3841 addere
584 3784 712 3859 gradum
740 3802 827 3860 cogn.
883 3785 975 3842 Paret
1003 3801 1103 3861 aegre,
1131 3784 1214 3841 incu-
