2817 4300
549 411 597 456 DE
620 410 736 457 BELLO
760 410 884 456 CIVILI.

191 583 429 658 compleverunt.
487 581 556 637 Tali
594 582 683 638 modo
719 580 869 638 instructa
907 582 1017 651 classe,
1054 583 1189 639 omnium

175 681 355 749 seniorum,
372 684 503 735 matrum
518 678 662 748 familiae,
679 678 831 754 virgiuum
847 679 989 752 precibus
1004 683 1035 736 ct
1048 680 1120 737 fletu
1135 698 1189 736 cx-

192 777 288 846 citati,
306 782 444 833 extremo
463 780 600 849 tempore
623 775 741 832 civitati
761 776 969 846 subvenirent,
991 795 1052 832 non
1072 778 1188 834 minore

192 875 293 930 animo
322 892 357 929 ac
385 873 496 930 fiducia
524 891 616 946 quam
645 877 715 930 ante
744 873 964 930 dimicaverant
991 892 1086 930 naves
1117 892 1188 930 con·

192 972 351 1028 scendunt.
398 969 558 1026 Communi
580 969 659 1025 enim
683 971 718 1026 lit
741 966 842 1026 ¹²vitio
866 975 1004 1039 naturae,
1025 976 1059 1027 ut
1081 971 1188 1027 invisis
1225 979 1242 1027 5

193 1073 283 1141 atque
306 1068 469 1144 incognitis
488 1068 578 1124 rebus
596 1067 694 1144 magis
717 1069 905 1124 confidamus
920 1069 1189 1141 vehementiusque

193 1170 417 1233 exterreamur3
441 1171 475 1221 ut
488 1169 553 1220 tum
568 1164 689 1221 accidit.
735 1165 899 1222 Adventus
917 1165 998 1221 enim
1015 1166 1051 1221 L.
1069 1165 1190 1222 Nasidii

194 1249 311 1318 summa
336 1281 389 1336 spe
410 1267 440 1318 ct
461 1261 619 1319 voluntate
645 1261 802 1318 civitatem
827 1262 1042 1336 compleverat.
1098 1263 1191 1319 Nacti

193 1359 335 1416 idoneum
352 1365 475 1417 ventum
492 1378 531 1416 ex
546 1364 636 1433 portu
657 1364 772 1416 exeunt
791 1364 822 1416 ct
839 1360 1025 1429 Taurointa,
1043 1361 1125 1433 quod
1143 1365 1191 1416 est

194 1457 352 1514 castellum
374 1456 625 1525 Massiliensium,
643 1456 682 1512 ad
704 1457 866 1513 Nasidium
886 1458 1069 1531 perveniunt
1090 1457 1190 1530 ibique
1208 1463 1244 1513 10

194 1573 288 1611 naves
303 1554 471 1628 expediunt
487 1572 652 1626 rursusque
665 1572 697 1610 se
710 1555 750 1610 ad
764 1555 988 1629 confligendum
1003 1554 1104 1610 animo
1120 1573 1190 1612 con-

194 1652 316 1708 firmant
330 1657 360 1708 et
376 1651 502 1708 consilia
518 1652 755 1708 communicant.
799 1651 919 1708 Dextra
933 1670 1004 1725 pars
1016 1652 1193 1708 attribuitur

195 1749 452 1818 Massiliensibus,
483 1748 609 1804 sinistra
637 1748 777 1805 Nasidio.
831 1749 870 1805 V.
908 1745 1050 1805 mEodem
1078 1749 1192 1806 Brutus

195 1846 353 1903 contendit
384 1850 474 1902 aucto
506 1845 630 1901 navium
658 1863 794 1902 numero.
847 1847 928 1902 Nam
958 1847 997 1903 ad
1029 1864 1081 1903 eas
1112 1865 1190 1920 quae

196 1944 297 2000 factae
321 1949 408 2000 erant
430 1943 556 2000 Arelate
579 1961 633 2018 per
657 1941 830 2013 Caesarem,
856 1944 995 2018 captivae
1018 1945 1191 2001 Massilieu-
1209 1951 1245 2000 15

195 2042 274 2099 sium
289 2046 482 2100 accesserant
497 2059 563 2098 sex.
608 2041 675 2098 Has
690 2042 897 2115 superioribus
913 2042 1021 2099 diebus
1042 2043 1194 2099 reiecerat

197 2145 288 2213 atque
311 2139 451 2197 omnibus
471 2140 562 2197 rebus
583 2139 781 2197 instruxerat.
826 2139 934 2213 Itaque
959 2158 1030 2196 suos
1054 2141 1193 2197 cohorta-

196 2242 258 2309 tus,
275 2255 352 2312 quos
366 2238 503 2314 integros
524 2238 754 2311 superavissent
775 2243 809 2295 ut
830 2238 928 2294 victos
951 2244 1191 2306 contemnerent,

197 2336 304 2410 plenus
320 2337 385 2409 spei
399 2336 498 2393 bonae
514 2342 604 2408 atquc
623 2335 716 2391 animi
738 2336 884 2392 adversus
906 2353 959 2392 eos
980 2336 1191 2409 proficiscitur.

196 2433 299 2491 Facile
314 2438 381 2490 erat
395 2452 434 2491 ex
449 2433 559 2490 castris
575 2431 609 2490 O.
624 2432 759 2489 Treboni
771 2438 862 2505 atque
877 2433 1018 2489 omnibus
1034 2434 1193 2507 superiori·
1209 2439 1247 2490 20

196 2531 254 2589 bus
269 2532 344 2588 locis
351 2515 559 2604 ‘1⁴pr0spice1e
574 2530 606 2586 in
621 2530 738 2600 urbem,
751 2536 786 2586 ut
800 2530 898 2586 omnis
910 2533 1055 2603 juventus
1070 2549 1148 2604 quae
1163 2531 1194 2586 in

197 2629 310 2702 oppido
345 2633 544 2697 remanserat,
580 2645 746 2701 omnesque
781 2627 944 2700 superioris
981 2628 1091 2684 aetatis
1127 2646 1195 2684 cum

198 2724 301 2781 liberis
331 2731 421 2798 atquc
447 2725 594 2781 uxoribus
624 2730 677 2781 aut
702 2726 732 2780 in
757 2742 843 2781 muro
870 2726 909 2781 ad
939 2725 1056 2782 caelum
1087 2744 1195 2781 manus

198 2824 368 2891 tenderent,
383 2828 436 2878 aut
450 2822 564 2895 templa
579 2823 702 2878 deorum
718 2822 935 2879 immortalium
945 2823 1065 2879 adirent
1078 2829 1109 2879 et
1124 2827 1194 2878 ante

198 2916 386 2976 ¹⁵simulacra
400 2920 530 2994 projecti
541 2919 699 2977 victoriam
717 2920 755 2975 ab
770 2920 818 2975 dis
830 2925 1042 2993 exposcerent.
1087 2920 1195 2992 Neque
1210 2927 1247 2976 25

199 3023 265 3074 erat
293 3018 453 3090 quisquam
476 3017 621 3085 omnium,
644 3018 718 3089 quin
740 3018 771 3073 in
797 3019 864 3089 ejus
889 3016 949 3073 diei
971 3035 1044 3073 casu
1073 3035 1196 3072 suarum
1257 3016 1261 3022 ’

200 3115 332 3171 omnium
372 3116 564 3170 fortunarum
601 3118 744 3170 eventum
786 3115 953 3171 consistere
993 3114 1193 3170 existimaret.

199 3212 280 3268 Nam
302 3218 332 3267 et
354 3212 475 3269 honesti
497 3230 536 3267 ex
554 3214 716 3285 juventute
731 3217 763 3268 et
777 3214 925 3285 cujusque
941 3212 1051 3267 aetatis
1074 3211 1196 3284 amplis-

199 3310 267 3365 simi
291 3310 469 3365 nominatim
493 3309 612 3366 evocati
638 3314 730 3382 atque
756 3310 908 3366 obsecrati
933 3327 1028 3365 naves
1052 3326 1196 3365 conscen-

200 3407 319 3476 derant,
344 3412 388 3475 ut,
413 3407 533 3479 siquid
555 3407 677 3464 adversi
699 3408 873 3475 accidisset,
897 3425 935 3463 nc
961 3408 1000 3463 ad
1025 3406 1196 3463 conandum
1212 3412 1250 3461 30

397 3560 418 3593 12
429 3563 503 3620 vitio,
508 3561 585 3625 ¹sarrit.

397 3642 417 3675 ¹3
430 3646 529 3703 eodem,
542 3643 694 3691 understand
706 3645 772 3693 loco.

397 3725 418 3758 ¹4
430 3727 585 3788 prospicere,
598 3727 653 3774 arith
665 3726 746 3776 facile
758 3735 823 3775 erat.

397 3806 419 3839 1⁵
431 3809 579 3867 simulacra,
591 3825 642 3873 syn.
656 3810 752 3871 imago,
764 3814 862 3869 statua,
874 3809 979 3871 effigies.
