2817 4300
545 380 662 426 snour
685 379 884 427 nxrsncrs
1179 366 1241 430 235

188 547 266 606 divit
287 566 439 625 saepeque
462 551 530 624 ejus
555 550 691 608 consiliis
716 550 848 620 obstitit,
874 565 973 624 neque
997 569 1071 610 vero
1094 570 1154 609 non
1181 554 1240 612 fuit

188 652 337 720 apertum,
355 649 381 704 si
403 648 453 706 ille
474 666 537 705 non
558 649 679 718 fuisset,
696 648 878 724 Agesilaum
896 648 1005 706 Asiam
1026 649 1129 707 Tauro
1151 660 1239 708 tenus

185 744 250 819 regi
285 745 382 802 fuisse
418 752 602 820 erepturum.
646 746 706 819 Qui
741 751 943 820 posteaquam
977 747 1099 804 domum
1128 766 1147 804 a
1175 751 1239 806 suis

186 841 304 898 civibus
319 849 480 901 revocatus
495 850 554 913 est,
572 845 652 916 quod
670 843 790 901 Boeotii
812 850 843 901 et
856 844 1063 902 Athenienses
1086 845 1239 904 Lacedae-

185 939 296 996 moniis
324 941 436 997 bellum
457 941 644 1011 indixerant,
672 940 780 999 Conon
805 941 899 999 nihilo
924 943 1019 999 setius
1045 942 1126 1016 apud
1151 961 1238 1017 prae·

157 1070 160 1072 v
185 1037 283 1093 sectos
299 1039 380 1114 regis
394 1039 576 1096 versabatur
591 1039 688 1112 iisque
702 1039 843 1097 omnibus
859 1057 971 1116 magno
987 1045 1052 1097 erat
1066 1041 1144 1096 usui.

226 1133 393 1193 Defecerat
417 1154 435 1192 a
460 1154 531 1212 rege
552 1137 787 1212 Tissaphernae,
811 1154 908 1210 neque
931 1137 962 1194 id
983 1142 1046 1194 tam
1067 1138 1236 1194 Artaxerxi

184 1248 276 1305 quam
298 1233 408 1290 ceteris
431 1239 497 1291 erat
519 1240 675 1309 apertum:
699 1234 803 1291 multis
825 1235 905 1291 enim
927 1235 1106 1310 magnisque
1121 1236 1237 1292 meritis

185 1330 266 1404 apud
293 1348 408 1407 regem,
438 1332 531 1388 etiam
559 1349 627 1389 cum
655 1332 685 1388 in
715 1329 814 1389 officio
842 1350 903 1388 non
930 1337 1077 1402 maneret,
1101 1332 1233 1389 valebat.

186 1427 293 1502 Neque
318 1429 349 1485 id
374 1434 439 1486 erat
464 1429 645 1498 mirandum,
667 1430 694 1486 si
719 1447 779 1486 non
806 1429 898 1487 facile
919 1430 958 1486 ad
978 1430 1163 1487 credendum
1184 1432 1236 1488 ad-

183 1525 362 1595 ducebatur,
379 1527 577 1584 reminiscens
592 1529 659 1600 ejus
680 1545 713 1584 se
735 1543 828 1601 opera
850 1525 963 1603 Cyrum
985 1529 1110 1585 fratrem
1132 1546 1235 1601 super-

183 1640 263 1680 asse.
307 1624 410 1697 Hujus
445 1625 610 1682 accusandi
644 1624 744 1700 gratia
779 1623 887 1682 Conon
915 1643 933 1680 a
960 1624 1161 1681 Pharnabazo
1197 1626 1236 1682 ad

182 1737 285 1795 regem
300 1722 412 1777 missus
426 1728 627 1795 posteaquam
642 1722 738 1792 venit,
756 1722 885 1796 primum
907 1740 946 1779 ex
969 1739 1051 1780 more
1072 1723 1235 1780 Persarum

159 1817 223 1873 .ad
255 1817 461 1889 chiliarchum,
491 1819 543 1892 qni
579 1819 746 1876 secundum
781 1819 909 1895 gradum
945 1819 1062 1893 imperii
1097 1820 1233 1886 tenebat,

183 1915 380 1972 Tithrausten
397 1916 527 1973 accessit
541 1934 634 1990 seque
649 1914 787 1974 ostendit
807 1935 875 1974 cum
898 1933 969 1992 rege
991 1916 1122 1990 colloqui
1137 1917 1233 1975 velle:

183 2028 272 2068 nemo
295 2013 373 2069 enirn
397 2014 463 2070 sine
488 2014 545 2071 hoc
566 2015 747 2070 admittitur.
792 2015 873 2072 Huic
895 2014 944 2071 ille
969 2014 1086 2070 “nulla
1097 2014 1114 2038 ’'
1137 2015 1235 2088 inquit

185 2114 206 2142 ⁸⁶
220 2127 305 2167 mora
319 2114 377 2180 cst,
395 2112 449 2169 sed
465 2115 497 2169 tu
513 2111 659 2182 delibera,
675 2117 777 2169 utrum
793 2112 925 2186 colloqui
939 2110 1029 2170 malis
1051 2129 1088 2169 au
1111 2130 1166 2188 per
1187 2113 1234 2170 lit-

182 2211 264 2263 teras
289 2226 379 2283 agere
408 2226 486 2281 quae
515 2210 644 2284 cogitas.
688 2210 825 2267 Necesse
854 2216 902 2267 est
930 2210 1021 2279 euim,
1049 2210 1075 2267 si
1104 2211 1135 2267 in
1163 2228 1234 2267 con·

183 2311 320 2378 spectum
343 2306 474 2375 veneriS,
502 2307 639 2363 venerari
668 2311 698 2363 te
724 2325 826 2382 regem
853 2305 951 2383 [quod
975 2306 1166 2383 προσκύνησιν
1190 2308 1235 2364 illi

181 2400 324 2479 vocant}
368 2403 438 2459 Hoc
453 2403 479 2459 si
497 2403 553 2459 tibi
574 2422 667 2479 grave
689 2409 747 2471 est,
765 2422 819 2479 per
840 2422 887 2460 me
910 2404 1004 2461 nihilo
1025 2404 1121 2461 setius
1144 2406 1234 2461 editis

181 2500 334 2556 mandatis
349 2500 492 2557 conficies
506 2502 587 2573 quod
608 2501 748 2558 studes.'’
793 2502 872 2559 Tum
886 2500 994 2560 Conon
1011 2502 1117 2557 “mihi
1133 2503 1234 2559 vero’'

181 2596 280 2669 inquit
306 2602 400 2654 “non
425 2603 473 2655 est
495 2616 589 2674 grave
614 2599 752 2671 quemvis
777 2600 923 2657 honorem
945 2600 1057 2657 habere
1079 2600 1155 2675 regi,
1179 2601 1234 2657 sed

180 2712 297 2764 vercor,
315 2712 352 2751 ne
368 2696 484 2752 civitati
499 2714 584 2752 meae
600 2696 640 2752 sit
654 2696 830 2769 opprobrie,
847 2696 885 2765 si,
902 2714 970 2754 cum
985 2716 1024 2754 ex
1039 2714 1076 2755 ea
1091 2698 1147 2753 sim
1164 2715 1232 2771 pro-

180 2791 292 2861 fectus,
309 2810 386 2865 quae
401 2793 511 2850 ceteris
525 2793 668 2868 gentibus
690 2792 837 2866 imperare
860 2794 1023 2860 consuerit,
1041 2796 1142 2867 potius
1164 2795 1231 2851 bar-

180 2888 321 2946 barorum
349 2890 443 2964 quam'
469 2890 549 2947 illius
584 2908 667 2947 more
702 2890 845 2967 fungar.''
897 2890 1019 2964 Itaque,
1049 2908 1127 2964 quae
1162 2892 1232 2949 huic

180 2986 314 3054 volebat,
331 2988 449 3061 scripta,
460 2988 597 3045 tradidit.

221 3083 336 3155 Quibus
352 3085 483 3161 cognitis
498 3103 553 3141 rex
568 3090 686 3142 tantum
706 3085 887 3142 auctoritate
909 3085 976 3157 ejus
997 3091 1100 3141 motus
1122 3092 1180 3154 est,
1197 3094 1232 3143 ut

179 3186 211 3238 et
232 3160 474 3257 Tissaphernem
492 3183 612 3240 hostem
634 3182 780 3255 judicarit
804 3187 835 3240 et
863 3182 1123 3240 Lacedaemonios
1151 3183 1231 3239 bello

180 3281 321 3354 persequi
336 3282 462 3353 jusserit
477 3280 551 3337 etei
569 3280 742 3355 permiserit
756 3297 846 3353 quem
861 3279 954 3337 vellet
975 3279 1086 3355 eligere
1109 3281 1147 3336 ad
1170 3281 1230 3336 dis-

178 3378 367 3451 pensandam
383 3378 553 3451 pecuniam.
597 3378 633 3434 Id
650 3377 808 3435 arbitrium
824 3375 932 3434 Conon
947 3378 1072 3452 negavit
1094 3378 1140 3434 sui
1162 3395 1230 3433 usse

178 3475 309 3546 consilii,
338 3475 393 3532 sed
415 3476 522 3549 ipsine,
545 3474 597 3548 qui
612 3475 735 3548 optime
759 3489 831 3531 suos
853 3492 945 3531 nosse
960 3475 1096 3541 deberet,
1121 3476 1173 3531 sed
1197 3493 1229 3531 se

178 3572 306 3629 suadere
320 3561 522 3631 Pharnabazo
537 3572 567 3629 id
583 3572 698 3647 negotii
714 3572 812 3629 daret.
856 3572 939 3629 Hinc
958 3574 1078 3647 magnis
1100 3573 1229 3631 muueri-

177 3668 236 3725 bus
252 3670 384 3727 donatus
405 3672 445 3728 ad
467 3689 548 3727 mare
567 3675 615 3727 est
635 3670 758 3738 missus,
775 3675 810 3727 ut
831 3668 952 3745 Cypriis
973 3674 1005 3728 et
1025 3670 1229 3726 Phoenicibus

177 3766 347 3839 ceterisque
382 3768 540 3824 maritimis
575 3766 753 3824 civitatibus
789 3784 884 3824 naves
922 3766 1031 3842 longas
1068 3768 1231 3840 imperaret
