2817 4300
183 379 225 442 40
358 390 579 439 snnncrrous
602 389 709 436 raon
732 388 846 435 111111
869 388 1058 436 sunnone.

237 563 322 622 canis
344 562 454 619 deinde
472 560 504 616 in
519 560 669 617 dicionem
683 559 829 628 redactis,
846 559 913 616 urbi
929 577 1033 616 eorum
1047 560 1233 634 praesidium

237 659 392 734 imposuit.
426 658 503 714 Inde
518 657 674 725 Praestos,
687 662 719 713 et
733 657 832 730 ipsam
846 657 953 714 Indiae
967 664 1090 731 gentem
1104 676 1233 731 pervcn-

237 765 301 817 tum
322 763 380 814 est.
423 753 590 830 Oxycanus
611 753 679 810 Rex
699 760 775 823 crat,
792 755 843 827 qui
864 772 898 810 se
920 755 1055 812 munitae
1076 755 1232 813 urbicum

237 857 348 932 magna
376 871 467 910 manu
495 851 686 926 popularium
712 851 887 908 incluserat.
941 853 1029 908 llanc
1054 852 1234 910 Alexander

204 965 220 1014 5
237 955 328 1013 tertio
345 952 394 1010 die
411 950 502 1025 quam
517 954 660 1023 coeperat
681 949 833 1019 obsidere,
851 950 1049 1025 expugnavit.
1091 949 1231 1026 1110111-

237 1070 332 1110 canus
353 1051 422 1108 cum
443 1049 474 1106 in
499 1065 600 1106 arcem
625 1048 828 1123 confugisset,
851 1047 971 1123 legatos
995 1049 1032 1104 de
1057 1049 1233 1106 conditione

236 1148 402 1208 deditionis
423 1146 507 1204 misit
527 1146 567 1203 ad
588 1145 714 1221 Regem.
760 1145 820 1202 Sed
838 1153 1001 1218 autequam
1016 1145 1136 1204 adirent
1150 1164 1231 1216 eum,

236 1248 314 1304 duae
329 1253 428 1303 ttures
445 1261 513 1301 cum
531 1243 647 1318 ingenti
662 1243 785 1317 fragore
807 1243 1013 1316 prociderant,
1030 1262 1084 1317 per
1104 1262 1232 1317 quarum

237 1345 340 1401 ruinas
361 1342 549 1399 Macedones
571 1337 694 1398 evasere
717 1341 749 1397 in
770 1359 890 1399 arcem:
913 1344 974 1414 qud
992 1341 1232 1418 1111101111-

185 1450 221 1499 10
238 1460 293 1498 nus
309 1459 378 1498 cum
392 1439 498 1514 paucis
520 1457 694 1514 repugnans
716 1439 874 1496 occiditur.
918 1421 1029 1496 Diruta
1043 1440 1136 1516 igitur
1149 1459 1231 1511 arce,

237 1545 268 1597 et
282 1538 422 1596 omnibus
438 1537 568 1611 captivis
580 1534 587 1565 ¹
597 1537 793 1607 venundatis,
805 1536 878 1595 Sabi
893 1538 974 1613 regis
988 1539 1065 1595 fines
1075 1539 1233 1614 ingressus

237 1643 295 1708 est,
309 1636 471 1708 multisque
484 1635 605 1708 oppidis
619 1635 650 1690 in
662 1635 752 1691 fidem
768 1635 914 1708 acceptis,
927 1635 1144 1692 validissimam
1158 1655 1233 1712 geu-

236 1736 277 1792 tis
291 1735 397 1790 urbem
411 1730 567 1790 2euniculo
583 1733 675 1805 cepit.
713 1732 858 1788 Barbaris
869 1732 967 1789 simile
977 1730 1232 1799 ³monstrivisum

237 1837 295 1901 est,
316 1831 443 1888 rudibus
465 1830 639 1886 militarium
661 1847 806 1903 operum3
828 1831 941 1904 quippe
963 1831 993 1886 in
1016 1831 1115 1887 media
1135 1832 1233 1888 ferme

185 1937 220 1987 15
236 1931 311 1987 urbe
333 1929 442 1986 armati
463 1929 545 1985 terra
566 1927 753 1997 existebant,
773 1927 856 1984 nullo
869 1925 1008 1985 ⁴suffossi
1029 1931 1139 2002 specus
1161 1929 1232 1986 ante

236 2027 368 2103 vestigio
391 2027 484 2083 facto.
528 2023 694 2100 Octoginta
715 2025 810 2081 millia
831 2025 977 2082 Indorum
998 2026 1030 2082 in
1051 2028 1088 2082 11
1108 2027 1233 2102 regione

237 2143 327 2184 caesa
356 2123 529 2183 Clitarchus
557 2128 605 2181 est
633 2129 751 2193 auctor,
780 2123 955 2197 multosque
989 2124 1129 2199 captivos
1154 2120 1233 2181 ⁵sub

237 2219 511 2281 corona⁶venlsse
579 2258 581 2261 .

278 2322 325 2378 at.
356 2320 473 2376 Rursus
488 2319 643 2376 Musicani
657 2320 846 2389 defecerant,
863 2320 903 2376 ad
919 2338 996 2393 quos
1017 2320 1233 2395 opprimendos

170 2425 221 2477 ,20
236 2419 348 2475 missus
364 2421 411 2474 est
430 2417 554 2485 Pithon,
570 2416 622 2489 qui
636 2420 759 2489 captum
774 2417 939 2490 principem
959 2418 1072 2492 gentis,
1089 2418 1232 2474 eundem·

237 2534 294 2589 que
310 2514 493 2573 defectionis
508 2520 674 2585 auctorem,
685 2514 816 2571 adduxit
830 2515 870 2571 ad
884 2516 1010 2589 Regem.
1055 2514 1123 2587 Quo
1136 2515 1232 2572 Alex-

237 2614 332 2671 ander
350 2610 398 2669 7111
413 2630 532 2669 crucem
552 2612 684 2681 sublato,
701 2630 805 2669 rursus
821 2630 951 2681 amnem,
968 2611 998 2668 iu
1021 2629 1082 2685 quo
1103 2612 1232 2675 classem

237 2716 416 2785 exspectare
439 2728 472 2767 se
495 2711 639 2783 jusserat,
663 2710 785 2784 repetit.
830 2710 947 2783 Quarto
971 2710 1080 2767 deinde
1105 2711 1166 2780 die,
1185 2728 1233 2768 se·

237 2809 337 2866 cundo
352 2826 441 2864 amne
456 2808 595 2882 pervenit
610 2808 648 2864 ad
664 2808 810 2881 oppidum
824 2807 884 2880 qua
898 2808 956 2864 iter
971 2807 1002 2864 in
1016 2825 1144 2883 regnum
1166 2814 1232 2865 crat

184 2912 220 2963 25
238 2904 320 2963 Sabi.
363 2906 470 2979 Nuper
485 2923 517 2963 se
532 2906 582 2963 ille
597 2906 767 2975 dediderat,
784 2906 838 2962 sed
860 2904 1006 2979 oppidani
1020 2906 1233 2963 detrectabant

236 3003 406 3076 imperium,
423 3008 454 3060 et
475 3004 648 3061 clauserant
668 3010 783 3077 portae.
828 3003 962 3075 Quorum
984 3004 1139 3076 paucitate
1160 3022 1231 3061 con·

237 3103 364 3173 tempta,
381 3101 450 3157 Rex
464 3103 648 3177 quingentos
663 3103 818 3177 Agrianos
833 3101 954 3158 moenia
968 3100 1069 3157 subire
1084 3102 1230 3173 jusserat,

238 3204 268 3254 ct
288 3194 416 3255 ⁸sensim
439 3201 616 3257 recedentes
638 3199 746 3256 elicere
768 3204 857 3255 extra
877 3216 980 3255 muros
998 3198 1128 3268 hostem,
1146 3215 1231 3255 sccu-

238 3302 338 3353 turum
359 3298 510 3371 profecto,
534 3298 560 3354 si
585 3299 691 3373 fugere
714 3316 767 3353 eos
789 3297 936 3354 crederet.
980 3296 1111 3371 Agriani
1137 3296 1233 3372 (sicut

182 3480 193 3514 1
204 3482 371 3541 venundatis,
383 3480 443 3529 sold.
774 3479 786 3513 ⁵
797 3482 846 3530 sub
858 3495 963 3539 corona,
974 3478 1056 3543 public
1067 3478 1106 3528 sal
1120 3516 1125 3527 .

182 3562 193 3595 ²
205 3565 336 3623 cuniculo,
349 3564 419 3623 minc,
429 3562 602 3628 underproaad
609 3580 724 3629 passage.
775 3563 786 3595 ⁰
799 3564 909 3620 venisse,
919 3578 1010 3622 veneo,
1018 3562 1064 3610 -ivi
1072 3563 1140 3620 or-ii,
1148 3562 1230 3610 itum.

183 3644 194 3677 ³
206 3647 323 3706 monstri,
337 3644 442 3705 na'rccle,
454 3662 470 3693 a
483 3644 585 3693 troaden
773 3645 783 3678 ⁷
795 3646 822 3693 in
835 3660 940 3694 crucem
952 3645 1065 3704 sublato,
1077 3638 1210 3706 cracified.

182 3726 299 3776 4suff0si
308 3742 409 3789 specus,
419 3726 591 3792 rtnderpround
603 3727 663 3792 (dap
673 3729 723 3791 cut)
776 3726 786 3759 ⁸
798 3728 893 3776 sensim
913 3727 1065 3776 recedentes
1081 3728 1183 3785 elicere,
1201 3726 1230 3789 dy

245 3824 358 3874 passage.
517 3835 519 3839 ·
834 3807 916 3873 alowly
928 3808 1056 3873 retreutinp
1068 3818 1092 3856 to
1103 3808 1173 3857 draw
1184 3814 1230 3855 out.
