2817 4300
213 379 275 441 160
395 393 612 440 sanncmons
634 394 737 442 arnon
760 393 873 440 namn
898 395 1082 443 Aursons.

292 565 375 622 Hine
389 565 528 622 exaudiri
542 565 674 640 gemitus
688 565 811 636 iraeque
823 564 942 622 leonum

292 662 393 719 vinula
406 668 600 719 recusantum
614 667 646 718 et
660 679 729 718 sera
744 661 801 717 sub
817 667 906 718 noote
921 664 1092 734 rudentum,
1160 729 1163 734 ¹

292 760 494 835 saetigerique
509 777 580 816 sues
594 765 686 832 atque
701 760 733 814 in
748 760 947 833 praesepibus
962 762 1024 817 ursi

291 858 409 914 saevire
424 875 459 914 ac
474 859 589 914 formae
604 875 783 932 magnorum
801 857 914 914 ululare
930 858 1079 932 luporum,

291 973 368 1028 quos
383 956 538 1012 bominum
552 973 591 1011 ex
606 955 686 1011 faeie
701 955 759 1011 dea
774 972 868 1012 saeva
883 957 1058 1028 potentibus
1073 958 1178 1016 herbis

292 1053 431 1110 induerat
445 1051 532 1110 Circe
547 1053 577 1108 in
593 1052 695 1109 voltus
711 1071 746 1110 ae
760 1057 847 1128 terga
862 1053 1006 1109 ferarum.

291 1149 375 1222 Quae
391 1169 429 1207 ne
444 1155 581 1206 monstra
597 1150 636 1222 pii
652 1156 830 1224 paterentur
845 1149 918 1206 talia
932 1152 1028 1208 Troes
1111 1165 1113 1169 ·

291 1248 385 1304 delati
400 1249 430 1304 in
446 1254 551 1322 portus
567 1265 625 1304 neu
640 1246 730 1305 litora
745 1248 811 1304 dira
830 1248 979 1316 subirent,

291 1346 454 1418 Neptunus
468 1345 569 1402 ventis
584 1344 722 1418 implerit
733 1344 800 1402 vela
815 1346 957 1402 secundis

291 1447 382 1515 atque
397 1442 503 1517 fugam
518 1442 604 1499 dedit
619 1446 650 1500 et
664 1447 786 1516 praeter
800 1443 880 1499 vada
895 1443 1015 1500 fervida
1029 1445 1125 1501 vexit.

240 1684 290 1738 48.
321 1684 413 1740 Fnou
433 1701 494 1740 aas
515 1683 664 1740 Annasss
686 1700 725 1740 or
747 1683 928 1740 Antissam„
948 1700 987 1741 uo
1007 1702 1069 1742 rna
1092 1685 1229 1744 Sauara.

251 1830 359 1887 Patres
374 1832 547 1905 conseriptt,
562 1830 707 1904 Micipsa,
725 1835 812 1904 pater
827 1848 922 1899 meus,
936 1833 1263 1909 moriens-praecepit.

210 1927 254 1984 uti
269 1945 395 2002 regnum
411 1929 574 1984 Numidiae
589 1929 801 1984 tantummodo
817 1929 1029 2001 procuratione
1045 1921 1266 1989 existumarem

211 2042 328 2081 meum:
359 2031 489 2082 ueterum
519 2027 569 2098 jus
598 2031 628 2082 et
657 2026 815 2098 imperium
844 2013 939 2105 penes
967 2044 1023 2084 vos
1053 2027 1145 2084 esse:
1173 2031 1265 2088 simul

210 2122 341 2180 eniterer
367 2123 449 2180 domi
473 2123 656 2197 militiaeque
681 2141 774 2196 quam
798 2141 941 2181 maxumo
970 2141 1038 2181 usur
1060 2143 1127 2183 esse
1149 2127 1264 2201 populo

209 2219 367 2277 Romano:
389 2239 445 2277 vos
460 2222 532 2277 mihi
547 2228 747 2296 cognatorum
762 2239 817 2278 vos
832 2222 863 2277 in
885 2222 1028 2279 arlfinium
1050 2223 1149 2281 locum
1171 2226 1261 2282 duee-

209 2335 291 2374 rem:
314 2318 340 2375 si
362 2336 399 2375 ea
420 2320 574 2381 fecissem,
591 2319 620 2374 in
644 2324 747 2375 vestra
770 2317 904 2375 amicitia
926 2321 1105 2391 exereitum,
1124 2321 1259 2389 divitias,

209 2416 397 2472 munimenta
424 2416 510 2491 regni
538 2416 660 2473 habere.
705 2414 790 2487 Quae
819 2434 888 2472 oum
930 2414 1111 2492 [praecepta
1125 2421 1260 2493 parentis

209 2511 284 2588 mei]
303 2513 462 2588 agitarem,
478 2513 643 2588 «iugurtha,
660 2513 751 2569 bomo
772 2514 906 2569 omnium
921 2531 998 2587 quos
1014 2520 1095 2571 terra
1116 2517 1256 2587 sustinet,

209 2609 473 2679 sceleratissimus
510 2616 665 2667 contemto
700 2609 827 2684 imperio
852 2616 966 2680 vestre,
998 2612 1183 2670 Masinissae
1211 2632 1256 2671 me

209 2712 363 2780 nepotem,
377 2713 408 2763 et
419 2710 481 2780 jam
497 2707 537 2763 ab
552 2709 646 2781 stirpe
662 2708 777 2764 sosium
793 2712 823 2764 et
838 2709 966 2765 anrieum
982 2710 1095 2783 populo
1107 2711 1253 2775 Romano,

208 2821 303 2878 reguo
318 2804 510 2876 fortunisque
525 2804 665 2860 omnibus
681 2804 810 2877 expulit.
855 2805 959 2877 Atque
977 2824 1044 2881 eg0,
1062 2806 1169 2862 Patres
1185 2825 1253 2864 eon-

208 2900 324 2973 soripti,
341 2901 484 2973 quoniam
499 2918 536 2957 eo
551 2901 741 2957 miseriarum
753 2906 899 2958 venturus
914 2922 1007 2972 eram,
1021 2902 1139 2971 vellem,
1152 2904 1251 2976 potius

208 2997 248 3054 ob
270 3015 348 3066 mea,
366 3016 455 3070 quam
478 2998 517 3054 ob
538 2999 688 3070 majorum
703 2998 851 3055 beneficia
867 3017 957 3072 posse
973 2999 1117 3067 auxilium
1133 3006 1250 3073 petere3

208 3112 244 3152 ao
272 3113 413 3151 maxume
443 3095 546 3152 deberi
574 3096 647 3151 mihi
676 3113 693 3151 a
728 3095 841 3169 populo
870 3097 1020 3167 Romano,
1050 3097 1160 3170 quibus
1196 3116 1248 3154 uon

208 3210 348 3268 egerem3
384 3194 551 3249 seeundum
579 3210 626 3261 ea,
657 3192 684 3249 si
712 3192 916 3250 desideranda
944 3200 1042 3263 erant,
1073 3194 1118 3251 uti
1146 3194 1246 3251 debitis

208 3295 318 3347 uterer.
372 3289 444 3360 Sed,
470 3290 615 3364 quoniam
642 3307 750 3363 parum
779 3294 846 3347 tuta
874 3308 928 3363 per
957 3309 989 3347 se
1019 3274 1086 3365 ipsa
1109 3290 1244 3366 probitas,

207 3405 304 3461 neque
320 3387 391 3443 mihi
414 3388 444 3443 in
465 3406 555 3444 manu
573 3387 641 3456 fuit,
657 3387 812 3462 Jugurtha
826 3386 924 3459 qualis
940 3389 1038 3455 foret3
1063 3389 1101 3445 ad
1118 3406 1171 3446 vos
1185 3405 1247 3445 eon·

208 3485 283 3560 iugi,
309 3485 418 3542 Patres
447 3485 623 3558 conscripti,
650 3484 772 3556 quibus,
802 3484 883 3556 quod
914 3484 1135 3554 miserrumum,
1167 3503 1250 3561 eogor

207 3582 291 3655 prins
313 3582 408 3648 oneri,
424 3599 516 3655 quarn
532 3582 598 3639 usui
614 3599 691 3638 esse.
737 3575 838 3638 Ceteri
859 3598 959 3655 regeS,
976 3586 1029 3638 aut
1043 3580 1125 3638 bello
1140 3582 1211 3639 vieti
1223 3581 1250 3637 in

207 3679 371 3735 amir-itiam
383 3698 401 3735 a
412 3679 501 3736 vobis
516 3679 641 3753 recepti,
656 3678 754 3735 autin
771 3678 834 3734 suis
852 3678 951 3735 dubiis
973 3678 1064 3735 rebus
1080 3678 1249 3736 societatem

207 3780 341 3833 vestram
364 3776 595 3848 adpetiverunt:
619 3775 737 3832 familia
760 3779 865 3831 nostra
882 3791 949 3832 eum
979 3774 1093 3849 populo
1118 3774 1249 3831 Romano
