2817 4300
530 385 647 432 snonr
670 384 871 431 nxrsacrs.
1161 366 1224 434 197

77 609 82 616 .
173 555 372 625 abstinentia,
395 555 513 612 nullum
537 559 585 612 est
609 556 721 612 certius
747 555 903 625 indicium,
926 572 1017 628 quam
1041 555 1134 628 quod,
1158 573 1225 613 cum

174 653 269 709 tantis
292 653 383 709 rebus
406 652 602 727 praefuisset,
619 652 650 708 in
670 657 758 709 tanta
773 657 952 726 paupertate
967 652 1110 722 decessit,
1128 654 1227 726 utqui

173 751 332 806 efferretur
342 749 396 806 vix
407 749 572 822 reliquerit.
610 749 678 822 Quo
689 750 805 806 factum
821 754 868 806 est
882 755 916 806 ut
930 749 1009 807 filiae
1025 751 1091 822 ejus
1106 750 1226 824 publice

175 846 329 904 alerentur
343 852 374 903 et
395 847 433 903 de
454 847 607 903 communi
625 846 743 903 aerario
758 846 881 903 dotibus
896 847 976 904 datis
992 847 1224 904 collocarentur.

175 944 319 1001 Decessit
333 950 435 1001 autem
447 945 509 1001 fere
524 950 596 1018 post
610 961 724 1000 annum
731 949 888 1016 quartum,
902 961 993 1016 quam
1004 943 1227 1003 Themistocles

175 1041 308 1100 Athenis
323 1048 389 1099 erat
404 1042 563 1116 expulsus.

533 1257 582 1312 90.
613 1254 756 1314 Casau's
778 1257 876 1313 Pnsn.

219 1384 333 1443 Caesar
347 1387 378 1442 in
393 1405 459 1443 eam
475 1404 561 1460 spem
577 1392 714 1456 venerat,
732 1404 765 1444 se
780 1387 845 1444 sine
861 1404 964 1463 pugna
979 1391 1010 1445 et
1024 1388 1089 1446 sine
1103 1388 1227 1446 vulnere

177 1501 302 1542 suorum
317 1502 379 1540 rem
395 1485 541 1540 conficere
557 1501 660 1557 posse,
676 1485 759 1557 quod
773 1502 805 1541 re
821 1484 1021 1542 frumentaria
1036 1485 1228 1542 adversarios

177 1581 410 1638 interclusisset.
454 1580 516 1638 Cur
540 1581 632 1638 etiam
657 1582 792 1638 secundo
818 1581 934 1656 proelio
960 1582 1076 1655 aliquos
1102 1601 1141 1640 ex
1165 1583 1228 1640 suis

178 1677 351 1736 amitteret?
383 1697 436 1736 cur
463 1679 616 1736 vulnerari
649 1685 805 1753 pateretur
833 1675 946 1754 optime
975 1681 1013 1736 de
1043 1699 1075 1737 se
1104 1681 1228 1738 meritos

178 1775 309 1834 milites?
331 1795 384 1834 cur
394 1777 524 1850 denique
540 1777 695 1834 fortunam
708 1775 948 1851 periclitaretur?
970 1779 1148 1852 praesertim
1161 1796 1229 1836 cum

178 1892 241 1932 non
262 1875 362 1931 minus
384 1879 466 1932 esset
487 1870 677 1948 imperatoris
699 1874 828 1932 consilio
850 1892 993 1949 superare
1007 1893 1099 1949 quam
1113 1876 1226 1950 gladio.

177 1973 364 2030 Merebatur
392 1972 484 2028 etiarn
515 1971 723 2030 misericordia
755 1971 866 2029 civium
896 1990 973 2046 quos
1002 1972 1229 2030 interficiendos

178 2070 323 2138 videbat3
346 2069 457 2143 quibus
472 2069 567 2127 salvis
582 2074 673 2142 atque
689 2069 891 2127 incolumibus
906 2087 971 2126 rem
985 2069 1122 2127 obtinere
1137 2070 1229 2128 male·

178 2169 240 2226 bat.
293 2168 362 2225 Hoc
390 2168 551 2225 consilium
579 2166 722 2226 Caesaris
751 2168 903 2241 plerisque
932 2186 993 2225 non
1022 2169 1228 2242 probabatur3

177 2266 290 2324 milites
305 2283 379 2323 vero
401 2265 503 2339 palam
524 2266 603 2322 inter
617 2283 650 2323 se
668 2263 882 2338 loquebantur,
899 2266 1041 2339 quoniam
1058 2266 1127 2323 talis
1143 2284 1229 2323 occa·

177 2364 225 2421 sio
239 2364 385 2421 victoriae
407 2363 621 2433 dimitteretur,
639 2362 733 2419 etiam
751 2379 819 2420 cum
834 2362 928 2420 vellet
942 2362 1067 2433 Caesar,
1085 2382 1152 2421 sese
1168 2382 1230 2420 non

178 2479 246 2519 esse
261 2465 462 2536 pugnaturos.
508 2460 564 2517 Ille
584 2460 616 2515 in
630 2478 686 2516 sua
700 2460 854 2517 sententia
869 2465 1047 2535 perseverat
1061 2467 1092 2518 et
1105 2462 1231 2535 paulum

177 2577 218 2617 ex
239 2577 276 2616 eo
297 2559 365 2615 loco
380 2558 568 2633 degreditur,
585 2561 620 2614 ut
633 2558 772 2615 timorem
797 2558 980 2616 adversariis
1002 2559 1128 2616 minuat.
1173 2560 1230 2617 Pe·

177 2656 273 2715 treius
283 2662 374 2730 atque
385 2656 537 2713 Afranius
552 2655 656 2713 oblata
670 2656 819 2713 facultate
834 2656 865 2713 iu
881 2662 982 2715 castra
997 2674 1064 2715 sese
1078 2657 1228 2714 referunt.

178 2753 293 2812 Caesar
315 2754 476 2828 praesidiis
500 2753 532 2809 in
557 2754 712 2810 montibus
737 2754 895 2827 dispositis
917 2754 999 2811 omni
1021 2755 1060 2811 ad
1082 2754 1230 2811 Hiberum

178 2852 296 2909 incluso
318 2852 437 2921 itinere,
455 2868 546 2925 quarn
567 2850 706 2924 proxime
728 2855 832 2925 potest
852 2852 984 2908 hostium
1005 2852 1114 2909 castris
1129 2856 1231 2909 eastra

179 2950 354 3007 communit.

333 3154 382 3209 91.
414 3152 502 3210 Soun
524 3168 564 3209 or
584 3168 647 3207 run
668 3152 864 3209 Fonnownas
887 3169 925 3209 or
946 3152 1078 3209 AErnas.

298 3284 428 3339 Pandite
444 3299 524 3339 nunc
539 3281 701 3350 Helicona,
719 3282 806 3350 deae,
825 3287 993 3355 cantusque
1008 3288 1139 3354 movete,

259 3397 337 3454 quae
352 3398 460 3437 manus
475 3379 592 3436 interea
606 3379 717 3437 Tuscis
732 3379 894 3437 comitetur
908 3380 947 3435 ab
963 3380 1024 3435 oris

258 3478 387 3535 Aenean
403 3482 559 3550 armetque
575 3482 656 3533 rates
672 3476 843 3553 pelagoque
858 3478 997 3534 rebatur.

298 3577 452 3634 Massicus
468 3581 571 3633 aerata
587 3576 729 3650 princeps
745 3581 830 3634 secat
845 3593 978 3649 aequora
993 3575 1082 3651 tigri:

232 3739 235 3745 ,
258 3676 316 3732 sub
330 3692 391 3748 quo
406 3674 486 3732 mille
501 3693 608 3731 manus
623 3677 781 3748 juvenum,
798 3674 850 3748 qui
865 3675 985 3732 moenia
1000 3673 1084 3731 Clusi

258 3773 370 3847 quique
386 3773 490 3829 urbem
507 3772 620 3845 liquere
636 3770 746 3841 Casae,
764 3773 831 3846 quis
845 3772 907 3831 tela
922 3772 1054 3849 sagittae
