2817 4300
550 391 598 435 Dr]
622 391 736 435 BELLO
760 389 883 439 CIVILI.

232 562 411 620 LXXXVI.
453 561 616 634 Pompeius
650 579 781 633 quoque,
820 565 853 616 ut
894 567 1002 634 postea
1037 565 1192 638 cognitum

191 666 250 730 est,
268 677 391 716 suorum
408 658 541 715 omnium
565 659 687 714 hortatu
712 663 862 714 statuerat
885 659 1000 731 proelio
1022 661 1188 717 decertare.

190 758 332 831 Namque
361 757 453 813 etiam
481 756 512 812 in
536 755 663 812 consilio
692 755 899 828 superioribus
922 757 1029 813 diebus
1058 758 1189 827 dixerat,

190 854 368 928 priusquam
383 859 597 910 concurrerent
619 854 700 909 acies
719 854 785 909 lore
808 853 853 909 uti
875 854 1028 910 exercitus
1050 854 1191 911 Caesaris

190 951 363 1026 pelleretur.
408 952 445 1007 ld
468 969 534 1007 eum
550 955 654 1007 essent
668 950 804 1023 plerique
820 951 972 1020 admirati,
991 958 1012 984 ‘⁸
1025 951 1096 1009 Scio
1110 953 1190 1023 me,''
1227 963 1243 1010 5

190 1049 299 1123 inquit,
318 1054 448 1122 “paene
471 1048 677 1104 incredibilem
699 1066 761 1104 rem
784 1047 937 1121 polliceri;
967 1049 1021 1105 sed
1042 1052 1191 1107 rationem

192 1146 311 1203 consilii
340 1146 398 1202 mei
429 1146 568 1218 accipite,
600 1163 659 1217 quo
687 1145 818 1202 firmiore
854 1147 955 1202 animo
984 1147 1014 1202 in
1044 1148 1190 1220 proelium

190 1223 372 1317 'prodeatis
417 1243 561 1300 Persuasi
588 1242 740 1315 equitibus
764 1243 888 1312 nostris,
912 1243 1003 1316 idque
1029 1245 1101 1300 mihi
1126 1247 1190 1302 fac-

191 1345 276 1398 turos
312 1342 578 1408 confirmaverunt,
610 1345 654 1408 ut,
686 1357 754 1396 cum
782 1340 907 1414 propius
943 1341 984 1397 sit
1020 1361 1187 1410 aceessum,

190 1439 333 1496 dextrum
356 1438 496 1496 Caesaris
523 1455 616 1494 eornu
646 1438 684 1492 ab
706 1437 801 1494 latere
823 1445 929 1511 aperto
953 1441 1191 1514 aggrederentur
1207 1450 1244 1495 10

191 1541 222 1593 et
237 1536 444 1594 circumventa
459 1535 497 1592 ab
512 1540 600 1610 tergo
612 1535 676 1591 acie
691 1536 775 1608 prius
797 1535 1007 1608 perturbatum
1023 1538 1189 1593 exereitum

191 1633 341 1708 pellerent
362 1652 451 1707 quam
474 1651 492 1688 a
514 1633 602 1689 nobis
624 1632 720 1688 telum
742 1633 772 1687 in
793 1634 912 1689 hostem
934 1635 1096 1705 jaceretur.
1141 1635 1190 1691 Ita

191 1730 257 1788 sine
279 1730 414 1804 periculo
435 1729 589 1806 legionum
604 1737 635 1786 et
656 1748 754 1804 paene
770 1730 835 1786 sine
851 1730 973 1787 vulnere
991 1731 1105 1788 bellum
1119 1751 1190 1790 oon·

191 1828 337 1885 fieiemus
381 1829 418 1885 Id
434 1833 539 1885 autum
554 1827 673 1883 difficile
689 1845 751 1883 non
766 1832 824 1896 est,
838 1845 907 1884 oum
921 1833 1041 1885 tantum
1053 1830 1189 1902 equitatu

191 1925 381 1982 valeamus.’'
425 1925 520 1983 Simul
542 1924 735 1980 denuntiavit
752 1929 786 1980 ut
801 1929 905 1982 essent
926 1926 1028 1982 animo
1043 1928 1140 2000 parati
1158 1928 1188 1983 in
1206 1937 1242 1983 15

191 2028 348 2096 posterum
371 2028 412 2091 et,
430 2022 573 2095 quoniam
588 2022 674 2078 fieret
694 2020 859 2077 dimicandi
875 2026 1024 2095 potestas,
1042 2028 1076 2080 ut
1097 2043 1189 2098 saepe

191 2120 423 2195 cogitavissent,
451 2137 488 2177 ue
524 2136 580 2175 usu
609 2135 764 2191 manuque
800 2118 983 2193 reliquorum
1016 2120 1189 2194 opinionem

192 2218 344 2275 fallerent.
357 2272 365 2286 ,

232 2314 428 2371 LXXXVII.
460 2314 551 2371 Hunc
574 2314 728 2371 Labienus
749 2314 872 2387 excepit
893 2318 934 2384 et,
958 2333 1027 2373 eum
1049 2314 1189 2373 Caesaris

192 2413 297 2485 copias
326 2412 508 2486 despiceret,
537 2410 677 2485 Pompeii
706 2411 864 2468 eonsilium
894 2413 1020 2469 summis
1049 2414 1189 2471 laudibus
1205 2422 1244 2471 20

192 2511 323 2579 efferret,
342 2514 363 2543 “
376 2508 479 2579 ΝοΙί,”
502 2510 611 2581 inquit,
630 2514 651 2541 “
664 2510 851 2578 existimare,
868 2509 1005 2583 Pompei,
1023 2512 1102 2567 hune
1122 2530 1189 2568 esse

192 2607 360 2663 exereitum
379 2608 430 2680 qui
452 2605 584 2663 Galliam
604 2604 861 2678 Germaniamque
883 2607 1040 2664 devicerit.
1085 2607 1188 2665 Omni-

192 2703 248 2760 bus
271 2704 394 2761 intcrsui
415 2704 549 2777 proeliis,
574 2722 671 2778 neque
694 2709 806 2761 temere
829 2704 1016 2779 incognitam
1033 2724 1100 2762 rem
1122 2725 1190 2780 pro·

193 2802 310 2858 nuntio.
354 2802 527 2877 Perexigua
543 2820 614 2875 pass
629 2801 710 2857 illius
726 2801 880 2857 exercitus
897 2809 1055 2875 superest3
1077 2822 1190 2879 magna

192 2916 263 2973 pars
278 2898 418 2972 deperiit,
436 2899 518 2978 quod
534 2899 671 2955 accidere
686 2904 733 2955 tot
748 2898 871 2972 proeliis
887 2899 948 2955 fult
962 2918 1098 2969 neeesse,
1115 2901 1190 2957 mul·
1206 2910 1243 2958 25

192 3000 240 3052 tos
256 2998 392 3052 autumni
408 2996 582 3069 pestilentia
596 2994 627 3051 in
642 2996 734 3051 Italia
749 2997 947 3069 consumpsit,
965 2997 1052 3053 multi
1067 2999 1190 3054 domum

192 3093 410 3161 discesserunt,
438 3092 525 3149 multi
550 3099 622 3149 sunt
649 3092 746 3149 relicti
772 3092 802 3147 in
829 3093 1007 3150 continenti.
1052 3095 1103 3150 An
1129 3114 1190 3152 non

193 3190 333 3259 audistis,
351 3209 391 3247 ex
413 3191 449 3246 iis
463 3191 515 3263 qui
537 3208 591 3263 per
613 3208 737 3246 eausam
758 3186 958 3247 ⁸valetudinis
980 3200 1192 3249 remanserunt

192 3289 334 3345 cohortes
356 3306 423 3344 esse
445 3288 588 3344 Brundisi
611 3286 731 3343 factas?
774 3288 841 3343 Hae
864 3288 970 3361 copiae
985 3306 1061 3361 quas
1080 3290 1191 3346 videtis

193 3404 232 3441 ex
255 3385 423 3441 delectibus
453 3386 559 3441 horum
588 3402 737 3441 annorum
766 3385 796 3440 in
826 3384 964 3441 citeriore
994 3385 1096 3441 Gallia
1119 3392 1192 3443 sunt
1206 3394 1244 3443 30

135 3552 142 3565 ·
192 3484 336 3552 refectae,
354 3486 385 3537 et
407 3481 541 3554 plerique
558 3486 630 3537 sunt
651 3500 690 3537 ex
713 3481 840 3537 coloniis
855 3482 1098 3554 Transpadanis
1143 3485 1191 3540 Ae

193 3584 296 3635 tamen
322 3579 402 3651 quod
428 3579 486 3634 suit
509 3574 643 3634 ⁹roboris
670 3578 788 3633 duobus
818 3578 941 3651 proeliis
970 3579 1191 3654 Dyrrhachinis

258 3707 268 3739 ⁷
280 3707 413 3769 prodeatis
426 3728 450 3748 =
463 3706 554 3769 preld)
569 3714 592 3762 ψ
606 3707 651 3754 ire.
725 3703 735 3732 ⁸
747 3707 914 3765 valetudinis,
930 3708 1003 3772 (state
1016 3710 1055 3771 of)
1071 3707 1191 3757 itt-aeaut.

511 3786 522 3818 ⁹
534 3788 643 3846 roborit,
652 3787 770 3849 partitive
780 3787 893 3850 panitiae.
