2817 4300
547 392 664 439 sucus
686 391 886 438 uxrancrs.
1179 376 1242 440 169

191 563 323 633 Duilius,
351 563 513 621 commisso
536 563 663 638 praelio,
691 560 990 638 Carthaginiensium
1015 563 1124 620 ducem
1149 563 1241 632 vieit;

191 662 318 738 triginta
341 668 372 718 et
392 679 485 718 unam
509 679 604 718 naves
629 661 721 735 cepit,
749 659 992 732 quattuordecim
1016 661 1138 728 mersit;
1172 667 1243 718 octo

191 759 285 815 millia
305 759 439 815 hostium
460 759 551 833 cepit,
569 759 628 815 tria
649 757 744 814 millia
765 756 895 814 occidit:
920 774 1016 829 neque
1031 757 1093 813 ulla
1115 757 1243 816 victoria

191 856 338 913 Romanis
363 856 480 932 gratior
504 857 575 925 fuit,
602 855 695 928 quod,
718 855 823 912 invicti
847 859 939 923 terra,
963 856 1026 927 jam
1050 855 1141 912 etiam
1166 857 1242 912 mari

190 952 352 1028 plurimum
366 959 504 1027 possent.

232 1051 326 1108 Lucio
347 1051 466 1108 Manlio
486 1051 633 1121 Volsone,
657 1052 766 1108 Marco
789 1049 888 1106 Atilio
909 1050 1027 1124 Regulo
1053 1049 1240 1118 consulibua

191 1149 305 1205 bellum
329 1149 360 1205 in
383 1148 524 1206 Africam
538 1148 722 1205 translatum
741 1152 788 1205 est
807 1153 913 1205 contra
934 1147 1151 1217 Hamilcarem,
1169 1147 1243 1206 Car-

191 1246 430 1321 thaginiensium
444 1247 563 1303 ducem.
601 1247 638 1302 In
653 1244 730 1301 mari
744 1251 792 1302 est
806 1251 986 1320 pugnatum,
999 1245 1159 1318 victusque
1175 1253 1241 1315 est;

191 1361 263 1400 nam
286 1345 413 1417 perditis
436 1343 600 1419 sexaginta
622 1348 767 1416 quattuor
788 1343 1030 1417 navibus,·1·etro
1053 1360 1085 1400 se
1106 1344 1240 1418 recepit:

191 1441 323 1497 Romani
337 1441 446 1516 viginti
461 1442 538 1498 duas
553 1440 739 1497 amiserunt:
763 1440 817 1496 sed
834 1457 926 1513 quum
941 1441 972 1496 in
986 1441 1128 1498 Africam
1142 1445 1241 1498 trans-

191 1538 299 1608 issent,
316 1538 457 1596 consules
473 1555 568 1611 usque
583 1538 623 1594 ad
637 1536 854 1613 Carthaginem
869 1544 1102 1610 processerunt3
1125 1538 1242 1595 multis-

190 1653 249 1708 que
264 1637 407 1702 vastatiS,
424 1635 560 1692 Manlius
574 1635 672 1692 victor
686 1634 817 1691 Romam
831 1635 932 1700 rediit,
949 1641 981 1692 et
1001 1635 1110 1709 viginti
1125 1642 1242 1709 septem

193 1733 286 1789 millia
301 1734 490 1807 captivorum
501 1732 635 1789 reduxit.
679 1731 794 1791 Atilius
809 1731 945 1806 Regulus
958 1732 987 1787 iu
1003 1733 1113 1789 Africa
1123 1751 1242 1790 reman-

192 1831 243 1900 sit,
260 1835 292 1887 et
306 1831 430 1905 saepius
444 1830 553 1900 victor,
570 1828 768 1904 septuaginta
788 1834 932 1901 quattuor
947 1830 1088 1886 civitates
1103 1831 1133 1886 in
1152 1832 1241 1888 fidem

192 1928 320 2001 accepit.

231 2024 311 2081 Tum
333 2026 406 2082 victi
431 2024 702 2100 Carthaginienses
727 2041 834 2097 pacem
859 2042 877 2080 a
902 2025 1049 2082 Romanis
1075 2026 1240 2098 petierunt,

191 2141 283 2198 quam
317 2139 409 2196 quum
441 2123 577 2198 Regulus
605 2121 701 2179 nollet
729 2121 788 2179 nisi
816 2121 987 2179 durissimis
1016 2123 1242 2181 conditionibus

190 2222 276 2290 dare,
302 2222 376 2277 Afri
401 2221 548 2277 auxilium
573 2239 592 2277 a
620 2220 870 2277 Lacedaemouiis
899 2221 1062 2293 petierunt,
1093 2227 1134 2289 et,
1165 2223 1242 2279 duce

190 2318 383 2391 Xanthippo,
400 2319 452 2391 qui
473 2336 492 2374 a
512 2316 762 2374 Lacedaemoniis
785 2318 896 2373 missus
918 2319 1031 2387 fuerat,
1047 2318 1184 2395 Regulus
1199 2320 1243 2376 ita

190 2414 290 2472 victus
312 2422 370 2484 est,
387 2421 422 2472 ut
442 2416 503 2473 duo
524 2414 618 2471 millia
633 2419 754 2471 tantum
775 2432 815 2471 ex
840 2414 922 2471 omni
947 2415 1086 2473 Romano
1106 2418 1241 2473 exercitu

190 2500 405 2586 supercadent3
439 2512 599 2588 quingenti
627 2511 710 2585 capti
738 2516 820 2579 suut,
848 2512 974 2587 triginta
1002 2513 1096 2569 millia
1120 2514 1240 2582 oecisa;

190 2608 326 2685 Regulus
363 2609 429 2683 ipse
457 2610 489 2665 in
514 2614 639 2667 catenas
668 2610 837 2682 conjectus.
896 2609 1008 2666 Postea
1037 2610 1181 2667 Metellus
1210 2611 1241 2667 in

191 2705 295 2766 Sicilia
317 2708 464 2764 Afrorum
486 2708 605 2776 ducem,
630 2724 698 2763 cum
718 2712 840 2769 centum
864 2706 991 2782 triginta
1015 2707 1185 2781 elephantis
1211 2716 1242 2765 et

189 2804 310 2880 magnis
333 2805 429 2878 copiis
454 2804 639 2874 venientem,
663 2803 838 2877 superavit3
860 2804 969 2877 viginti
992 2804 1086 2862 millia
1108 2805 1240 2862 hostium

190 2902 319 2970 cecidit3
345 2902 455 2978 viginti
478 2920 535 2959 sex
556 2900 737 2974 elephantos
759 2901 851 2974 oepit,
875 2900 1008 2974 reliquos
1029 2907 1165 2959 errantes
1188 2921 1242 2976 per

191 2999 353 3069 Numidas,
383 3017 459 3074 quos
488 2999 519 3055 in
548 2998 694 3055 auxilium
723 2998 867 3066 habehat,
897 2998 1021 3074 collegit
1048 3004 1079 3057 et
1111 3000 1241 3056 Romam

190 3095 319 3155 deduxit
342 3097 460 3172 ingenti
488 3113 611 3170 pompa.
655 3096 732 3152 Post
759 3096 834 3152 haec
863 3095 943 3151 mala
971 3095 1240 3171 Carthaginienses

190 3191 340 3267 Regulum
362 3195 482 3263 ducem,
500 3211 588 3267 quem
611 3198 767 3266 ceperant,
784 3192 949 3266 petierunt,
966 3198 1001 3249 ut
1022 3194 1150 3250 Romam
1172 3212 1240 3267 pro-

189 3289 385 3360 ficisceretur,
409 3297 439 3348 et
461 3308 568 3365 pacem
590 3309 608 3347 a
629 3290 777 3346 Romanis
802 3289 965 3358 obtineret,
983 3308 1018 3347 ao
1043 3292 1239 3363 permutatio-

189 3404 259 3443 nem
275 3388 464 3461 captivorum
479 3390 604 3445 laceret.
649 3387 706 3443 Ille
722 3387 850 3443 Romam
864 3404 956 3459 quum
972 3388 1118 3455 venisset,
1136 3388 1240 3445 induc-

189 3489 239 3542 tus
259 3484 291 3540 in
313 3490 464 3553 senatum,
481 3485 556 3541 nihil
576 3484 664 3557 quasi
688 3484 846 3542 Romanus
871 3484 944 3559 egit,
969 3484 1118 3557 dixitque,
1142 3502 1175 3542 se
1201 3504 1240 3542 ex

189 3581 242 3638 illa
269 3582 330 3651 die,
360 3582 472 3655 quain
503 3587 685 3655 potestatem
715 3582 863 3637 Afrorum
891 3581 1038 3650 venisset,
1069 3580 1240 3638 Romanum

189 3697 257 3736 esse
282 3680 420 3736 desiisse.
473 3680 582 3752 Itaque
607 3684 639 3735 et
662 3695 789 3734 uxorem
816 3696 834 3733 a
859 3679 1020 3751 complexu
1044 3680 1183 3747 removit,
1209 3685 1242 3736 et

189 3777 310 3834 senatui
334 3776 441 3845 suasit,
457 3794 496 3833 ne
519 3794 582 3849 pax
605 3794 674 3833 cum
696 3774 808 3831 Poenis
823 3776 919 3831 fieret.
965 3774 1073 3848 Itaque
1094 3776 1237 3833 obtinuit.
