2817 4300
198 357 261 420 208
382 371 600 418 sunncrrous
622 372 727 419 raom
749 372 861 418 nA'rru
884 373 1068 421 Adriacas

238 543 311 599 Fuit
335 547 437 599 autern
461 546 493 599 et
521 541 622 598 animo
647 559 759 617 magno
784 547 815 599 et
839 559 965 616 corpore
994 543 1252 618 imperatoriaque

198 641 358 710 formant
378 640 445 713 ipso
461 645 588 714 aspectu
603 639 700 697 cuivis
716 640 843 696 iniceret
864 640 1097 696 admirationem
1118 641 1176 710 sui,
1194 641 1252 698 sed

199 738 229 794 iu
245 738 349 795 labore
365 738 453 794 nimis
475 738 620 794 remissus
641 754 809 811 parumque
831 738 961 810 patiens,
978 743 1011 794 ut
1031 738 1251 814 Theopompus

198 835 361 892 memoriae
383 836 528 909 prodidit,
544 835 644 892 bonus
658 853 732 892 vero
755 835 830 892 civis
852 835 970 909 fidequc
992 853 1114 911 magna.
1159 835 1252 908 Quod

198 950 267 989 cum
282 933 312 988 in
328 932 395 988 aliis
411 933 500 990 rebus
515 933 695 1001 declaravit,
709 937 774 989 tum
789 932 921 989 maxime
936 933 967 988 in
978 933 1132 1007 Amyntae
1144 933 1250 990 Mace·

198 1030 288 1086 donis
309 1029 412 1086 hberis
437 1030 570 1088 tuendis·
614 1030 757 1103 Namque
783 1031 946 1104 Eurydice,
963 1040 1061 1088 mater
1085 1031 1251 1088 Perdiccae

199 1134 230 1184 et
243 1127 387 1201 Philippi,
403 1146 471 1185 cum
485 1128 533 1184 his
547 1127 667 1184 duobus
681 1127 784 1202 pueris
805 1128 944 1204 Amynta
963 1134 1083 1184 mortuo
1104 1129 1143 1184 ad
1165 1128 1250 1202 Iphi-

198 1232 302 1282 craten
318 1225 459 1300 confugit
473 1227 599 1298 ejusque
614 1225 724 1298 opibus
739 1225 870 1282 defensa
884 1231 940 1282 est.
985 1225 1074 1282 Vixit
1088 1225 1127 1281 ad
1145 1243 1250 1283 senec-

199 1329 294 1380 tutem
309 1322 439 1396 placatis
454 1323 484 1378 in
500 1340 533 1379 se
548 1340 672 1379 suorum
687 1321 799 1379 civium
818 1322 939 1379 animis.
984 1321 1116 1380 Causam
1138 1323 1251 1396 capitis

199 1419 293 1476 semel
306 1419 397 1489 dixit,
413 1419 494 1476 bello
508 1419 625 1489 sociali,
642 1419 733 1476 simul
747 1437 814 1476 cum
829 1420 1001 1489 Timothe0,
1019 1437 1115 1492 eoque
1134 1420 1251 1492 judicio

199 1523 248 1574 est
262 1517 430 1574 absolutus
475 1517 657 1574 Menesthea
670 1517 766 1574 filium
780 1517 903 1590 reliquit
918 1535 957 1574 ex
974 1517 1109 1573 Thrasea
1130 1523 1249 1586 natum,

199 1613 269 1672 Coti
283 1614 364 1690 regis
380 1614 452 1671 filia.
496 1615 529 1671 Is
544 1632 612 1672 cum
628 1614 877 1690 interrogaretur,
895 1619 996 1671 utrum
1014 1615 1109 1687 pluris
1132 1619 1250 1688 patrem

199 1719 366 1769 matremne
395 1713 521 1781 faceret,
554 1711 743 1769 “matrem''
772 1711 880 1785 iuquit.
939 1711 977 1768 Id
1002 1729 1073 1774 curn
1107 1712 1251 1768 omnibus

200 1809 307 1865 mirum
322 1809 487 1878 videretur,
501 1814 534 1866 at
548 1808 598 1866 ille
616 1815 637 1843 “
648 1809 782 1866 merit0''
794 1809 892 1882 inquit
908 1814 929 1842 “
939 1809 1039 1866 facio:
1062 1827 1132 1865 nam
1148 1814 1249 1882 pat-er,

199 1911 346 1979 quantum
371 1907 403 1963 in
428 1921 460 1963 se
485 1906 555 1976 ruit,
572 1905 723 1963 Thracem
746 1923 794 1962 me
819 1905 936 1981 genuit,
953 1910 1060 1963 contra
1089 1923 1125 1962 ea
1152 1912 1253 1962 mater

199 2001 475 2060 Antheniensem.'’

586 2256 651 2313 102.
680 2254 863 2327 Hauuman.

240 2401 407 2459 Plurimum
435 2402 580 2460 audaciae
608 2402 648 2458 ad
684 2402 820 2476 pericula
855 2404 1056 2475 capessenda,
1087 2403 1250 2478 plurimum

200 2499 319 2555 consilii
344 2499 423 2555 inter
446 2500 512 2573 ipsa
537 2497 671 2573 pericula
695 2504 770 2556 erat.
813 2498 906 2555 Nullo
932 2499 1035 2555 labore
1060 2506 1114 2557 aut
1138 2519 1250 2575 corpus

200 2595 326 2671 fatigari
340 2601 394 2652 aut
407 2596 526 2653 animus
541 2596 622 2653 vinci
636 2601 775 2669 poterat:
800 2596 909 2652 caloris
927 2614 963 2653 ac
984 2597 1108 2672 frigoris
1131 2598 1250 2671 patien-

199 2692 243 2749 tia
270 2710 343 2766 par:
373 2693 433 2750 cibi
461 2692 653 2767 potionisque
682 2693 834 2750 desiderio
855 2693 986 2749 naturali
1008 2712 1069 2750 non
1090 2695 1249 2753 voluntate

198 2790 307 2846 modus
321 2790 435 2846 finitus.
479 2790 658 2866 Vigiliarum
674 2790 831 2863 somnique
853 2808 909 2847 nec
931 2790 979 2847 die
1002 2810 1058 2848 nec
1075 2798 1164 2849 nocte
1186 2793 1250 2850 dis·

199 2886 359 2944 criminata
387 2893 543 2962 tempora:
580 2887 611 2945 id
638 2888 720 2961 quod
755 2886 897 2963 gffieudis
932 2876 1033 2945 rebus¹
1060 2895 1247 2963 superesset,

198 2985 294 3058 quieti
310 2985 438 3079 datum:
471 3003 508 3043 ca
523 3003 620 3059 neque
638 2986 722 3042 molli
744 2989 841 3042 strato
856 3003 913 3043 nec
934 2986 1057 3043 silentio
1079 2988 1246 3044 accersita:

198 3081 285 3139 multi
311 3100 401 3157 saepe
426 3083 550 3141 militari
578 3082 685 3158 sagulo
710 3088 850 3156 opertum
876 3082 960 3139 humi
987 3084 1141 3155 jacentem
1168 3084 1249 3141 inter

199 3180 354 3238 custodias
369 3181 578 3253 stationesque
593 3180 722 3236 militum
738 3185 974 3253 conspexerunt.
1019 3181 1157 3238 Vestitus
1173 3182 1249 3238 nihil

198 3278 278 3335 inter
298 3278 441 3351 aequales
464 3278 635 3335 excellens:
658 3295 742 3334 arma
763 3282 855 3350 atque
877 3277 947 3350 equi
968 3278 1244 3352 conspiciebantur.

197 3375 342 3448 Equitum
364 3376 559 3449 peditumque
581 3375 662 3431 idem
682 3374 772 3449 longe
794 3373 909 3447 primus
934 3380 1017 3431 erat:
1049 3375 1189 3450 princeps
1216 3376 1247 3432 in

198 3473 346 3547 proelium
375 3472 450 3543 ibat,
477 3472 600 3529 ultimus
629 3476 771 3529 conserto
799 3471 915 3544 proelio
943 3472 1123 3529 excedebat.
1178 3473 1246 3529 Has

197 3575 302 3627 tantas
317 3570 374 3627 viri
388 3571 517 3628 virtutes
539 3570 675 3646 ingentia
694 3570 770 3627 vitia
791 3569 976 3641 aequabant,
994 3570 1158 3631 inhumana
1180 3588 1247 3627 cru·

198 3665 319 3736 delitas,
336 3668 463 3740 perfidia
487 3666 556 3741 plus
581 3684 671 3739 quam
696 3666 824 3733 Punica,
841 3666 917 3722 nihil
936 3665 1013 3736 veri,
1037 3666 1112 3723 nihil
1133 3666 1244 3738 sancti,

198 3762 299 3818 nullus
313 3763 404 3819 deum
417 3767 525 3832 metue,
541 3762 655 3819 nullurn
670 3763 895 3835 jusjurandum,
913 3762 996 3819 nulla
1009 3764 1127 3840 religio.

1387 2198 1392 2279 λ
