2817 4300
168 316 231 380 198
350 332 570 379 snnncrrons
592 332 695 378 raom
718 330 831 377 namu
855 330 1035 378 aurnuns.

248 503 410 579 gorytique
423 502 508 559 leves
523 502 634 559 umeris
650 505 681 558 et
695 501 798 558 letifer
812 518 911 558 arcus.

248 600 320 658 Una
334 596 442 664 torvus
456 598 563 655 Abas:
586 597 657 654 huic
671 602 768 655 totum
785 583 956 672 insignibus
972 597 1064 654 armis

250 715 360 772 agmen
375 702 406 754 et
420 690 528 753 aurato
542 695 683 771 fulgebat
696 694 841 768 Apolline
856 694 979 770 puppis.

251 794 415 862 Sescentos
430 793 474 850 illi
487 794 616 850 dederat
628 792 800 867 Populonia
814 797 912 850 mater

250 897 394 966 expertos
409 891 481 948 belli
495 893 635 964 juvenes,
652 896 701 948 ast
712 890 779 947 Ilva
794 894 947 947 trecentos

249 989 350 1046 insula
364 989 555 1045 inexhaustis
570 986 741 1064 Chalybum
756 1005 907 1064 generosa
922 987 1064 1044 metallis.

250 1087 373 1143 Tertius
389 1086 438 1143 ille
453 1086 607 1142 homiuum
622 1085 786 1158 divomque
802 1085 951 1158 interpres
965 1084 1082 1154 Asilas,

251 1184 299 1242 cui
314 1184 463 1258 pecudum
479 1184 584 1251 fibrae,
602 1182 678 1240 caeli
692 1183 741 1240 cui
757 1182 858 1239 sidera
873 1186 981 1256 parent

252 1288 284 1338 et
297 1281 419 1356 linguae
433 1280 589 1337 volucrum
606 1285 637 1337 et
652 1280 795 1355 praesagi
810 1279 946 1336 fulminis
961 1279 1059 1354 ignes,

252 1378 333 1434 mille
348 1378 429 1452 rapit
443 1378 556 1434 densos
572 1377 744 1450 aciefatquc
759 1377 952 1434 horrentibus
967 1376 1075 1433 hastis

252 1475 308 1531 hos
323 1493 429 1550 parere
444 1475 552 1548 jubent
565 1474 704 1548 Alpheae
720 1475 758 1531 ab
774 1475 890 1549 origine
904 1473 1006 1543 Pisae,

253 1573 325 1628 urbs
341 1574 472 1629 Etrusca
486 1572 563 1628 solo
609 1571 752 1644 Sequitur
767 1571 985 1646 pulcherrimus
999 1571 1107 1638 Astur,

253 1670 351 1726 Astur
365 1687 444 1742 equo
458 1670 555 1726 fidens
570 1674 602 1726 et
615 1669 851 1726 versicoloribus
867 1669 969 1724 armis.

253 1766 436 1824 Tercentum
452 1767 588 1824 adiciunt
607 1766 708 1843 (mens
724 1767 865 1822 omnibus
880 1784 941 1822 una
956 1763 1116 1839 sequendi)

253 1864 304 1937 qui
319 1862 446 1921 Caerete
461 1864 562 1933 domo,
580 1864 632 1936 qui
647 1869 720 1920 suut
734 1863 883 1920 Minionis
898 1863 928 1919 iu
944 1863 1037 1933 arvis,

254 1967 285 2018 et
298 1961 392 2037 Pyrgi
406 1967 525 2018 veteres
541 1961 802 2034 intempestaeque
818 1960 996 2018 Graviscae.

293 2059 365 2115 Nou
381 2076 439 2133 ego
453 2062 495 2127 te,
511 2059 656 2134 Ligurum
672 2058 780 2115 ductor
795 2059 961 2115 fortissime
976 2057 1067 2126 bello,
1106 2135 1111 2139 ἱ

254 2157 438 2226 transierim,
455 2155 578 2232 Cinyra,
595 2161 627 2214 et
641 2156 747 2230 paucis
762 2158 906 2213 comitate
923 2139 1061 2229 Cupavo,

254 2255 342 2326 cujus
357 2253 492 2311 olorinae
507 2259 636 2330 surgunt
650 2255 688 2311 de
703 2254 817 2311 vertice
832 2271 961 2328 pennae,

255 2351 379 2420 crimen,
396 2352 504 2421 Amor,
521 2356 657 2409 vestrum
671 2351 846 2423 formaeque
862 2350 982 2426 insigne
997 2353 1154 2424 paternae.

386 2593 435 2647 92.
465 2592 634 2650 Iucrnnurs
655 2609 689 2648 ru
709 2610 771 2648 run
791 2592 891 2649 Purus
912 2591 1021 2648 Waas.

214 2739 342 2797 Decimo
370 2756 452 2795 anno
480 2745 642 2813 postquam
677 2739 834 2797 Hannibal
870 2739 900 2796 in
935 2738 1057 2795 Italiam
1086 2743 1224 2807 venerat,

174 2836 332 2893 Hannibal
346 2853 442 2909 usque
457 2837 497 2893 ad
511 2842 653 2909 quartum
669 2836 843 2893 milliarium
864 2833 948 2893 urbis
970 2836 1119 2904 accessit3
1142 2835 1225 2908 equi-

175 2938 223 2991 tes
238 2935 305 3007 ejus
320 2950 415 3006 usque
431 2934 469 2989 ad
485 2939 615 3007 portam.
658 2934 737 2990 Mox
759 2933 918 2990 consulum
938 2939 1032 3002 metu,
1049 2950 1115 2990 cum
1139 2949 1226 2989 exer·

175 3030 237 3088 citu
265 3031 453 3100 venientum,
477 3029 634 3087 Hannibal
662 3031 702 3087 ad
730 3029 929 3104 Campaniam
957 3048 990 3087 se
1017 3030 1143 3104 recepit.
1186 3029 1225 3086 In

175 3127 328 3202 Hispania
343 3146 361 3184 a
375 3129 471 3185 fratre
493 3130 560 3201 ejus
582 3128 777 3185 Hasdrubale
800 3129 890 3184 ambo
912 3126 1084 3201 Scipiones,
1100 3127 1151 3200 qui
1172 3144 1226 3201 per

174 3226 288 3283 multos
324 3244 420 3283 annos
455 3226 587 3283 victores
623 3228 757 3296 fuerant,
794 3226 1033 3295 interficiuntur;
1070 3212 1224 3282 exercitus

176 3330 277 3381 tamen
292 3325 411 3400 integer
424 3326 555 3394 mansit;
579 3342 652 3383 casu
666 3326 747 3383 enim
763 3326 860 3401 magis
880 3330 977 3393 erant,
993 3342 1085 3399 quam
1099 3325 1223 3395 virtute,

175 3423 307 3497 decepti.

215 3522 353 3577 Tandem
376 3522 415 3577 ad
436 3521 605 3596 Hispanias
626 3522 754 3578 Publius
776 3520 935 3580 Cornelius
958 3521 1060 3596 Scipio
1082 3523 1223 3591 mittitur,

175 3618 255 3675 filius
283 3617 383 3676 Publii
413 3617 565 3691 Scipionis
592 3619 644 3691 qui
672 3619 785 3676 ibidem
809 3620 922 3677 bellum
951 3628 1100 3695 gesserat,
1128 3637 1225 3677 annos

176 3719 267 3771 natus
291 3718 436 3786 quattuor
459 3721 490 3772 ot
511 3715 630 3789 viginti,
653 3716 700 3771 vir
725 3715 932 3773 Romanorum
955 3716 1089 3774 omnium
1114 3721 1145 3774 et
1169 3734 1225 3773 sua
