<?xml version="1.0" encoding="UTF-8"?>
<!DOCTYPE html PUBLIC "-//W3C//DTD XHTML 1.0 Transitional//EN"
    "http://www.w3.org/TR/xhtml1/DTD/xhtml1-transitional.dtd">
<html xmlns="http://www.w3.org/1999/xhtml" xml:lang="en" lang="en">
 <head>
  <title>
</title>
<meta http-equiv="Content-Type" content="text/html;charset=utf-8" />
  <meta name='ocr-system' content='tesseract 3.04.00' />
  <meta name='ocr-capabilities' content='ocr_page ocr_carea ocr_par ocr_line ocrx_word'/>
</head>
<body>
  <div class='ocr_page' id='page_1' title='image "./selectionsfroml01tomlgoog_0144.png"; bbox 0 0 2817 4300; ppageno 0'>
   <div class='ocr_carea' id='block_1_1' title="bbox 198 383 1063 446">
    <p class='ocr_par' dir='ltr' id='par_1_1' title="bbox 198 383 1063 446">
     <span class='ocr_line' id='line_1_1' title="bbox 198 383 1063 446; baseline -0.005 0"><span class='ocrx_word' id='word_1_1' title='bbox 198 383 261 446; x_wconf 81' lang='lat'>124</span> <span class='ocrx_word' id='word_1_2' title='bbox 383 396 600 443; x_wconf 78' lang='lat' dir='ltr'>sannorrous</span> <span class='ocrx_word' id='word_1_3' title='bbox 623 396 724 442; x_wconf 82' lang='lat' dir='ltr'>raom</span> <span class='ocrx_word' id='word_1_4' title='bbox 747 396 859 442; x_wconf 76' lang='lat' dir='ltr'>namu</span> <span class='ocrx_word' id='word_1_5' title='bbox 882 395 1063 442; x_wconf 79' lang='lat' dir='ltr'>Auruoas.</span> 
     </span>
    </p>
   </div>
   <div class='ocr_carea' id='block_1_2' title="bbox 199 561 1238 1419">
    <p class='ocr_par' dir='ltr' id='par_1_2' title="bbox 271 561 1065 933">
     <span class='ocr_line' id='line_1_2' title="bbox 271 561 1018 624; baseline -0.003 0"><span class='ocrx_word' id='word_1_6' title='bbox 271 565 393 624; x_wconf 77' lang='lat' dir='ltr'><strong>Occidit</strong></span> <span class='ocrx_word' id='word_1_7' title='bbox 407 565 518 623; x_wconf 84' lang='lat' dir='ltr'><strong>infelix</strong></span> <span class='ocrx_word' id='word_1_8' title='bbox 532 570 669 623; x_wconf 82' lang='lat' dir='ltr'>nostrum</span> <span class='ocrx_word' id='word_1_9' title='bbox 684 583 722 623; x_wconf 93' lang='lat' dir='ltr'>ne</span> <span class='ocrx_word' id='word_1_10' title='bbox 736 562 885 623; x_wconf 88' lang='lat' dir='ltr'>1dedecus</span> <span class='ocrx_word' id='word_1_11' title='bbox 899 561 1018 624; x_wconf 81' lang='lat' dir='ltr'>²Ufens</span> 
     </span>
     <span class='ocr_line' id='line_1_3' title="bbox 272 663 1065 738; baseline -0.003 -18"><span class='ocrx_word' id='word_1_12' title='bbox 272 665 463 738; x_wconf 84' lang='lat' dir='ltr'>adspiceret3</span> <span class='ocrx_word' id='word_1_13' title='bbox 479 663 590 720; x_wconf 82' lang='lat' dir='ltr'>Teucri</span> <span class='ocrx_word' id='word_1_14' title='bbox 604 663 762 737; x_wconf 92' lang='lat' dir='ltr'>potiuntur</span> <span class='ocrx_word' id='word_1_15' title='bbox 777 681 902 737; x_wconf 88' lang='lat' dir='ltr'>corpore</span> <span class='ocrx_word' id='word_1_16' title='bbox 918 668 949 720; x_wconf 89' lang='lat' dir='ltr'>et</span> <span class='ocrx_word' id='word_1_17' title='bbox 964 663 1065 720; x_wconf 88' lang='lat' dir='ltr'>armis.</span> 
     </span>
     <span class='ocr_line' id='line_1_4' title="bbox 272 759 990 836; baseline -0.001 -19"><span class='ocrx_word' id='word_1_18' title='bbox 272 761 461 818; x_wconf 85' lang='lat' dir='ltr'>Exscindine</span> <span class='ocrx_word' id='word_1_19' title='bbox 475 761 583 818; x_wconf 90' lang='lat' dir='ltr'>domos</span> <span class='ocrx_word' id='word_1_20' title='bbox 603 761 755 836; x_wconf 49' lang='lat' dir='ltr'>(idarebus</span> <span class='ocrx_word' id='word_1_21' title='bbox 769 761 869 818; x_wconf 76' lang='lat' dir='ltr'>deluit</span> <span class='ocrx_word' id='word_1_22' title='bbox 883 759 990 836; x_wconf 88' lang='lat' dir='ltr'>unum)</span> 
     </span>
     <span class='ocr_line' id='line_1_5' title="bbox 272 855 1065 933; baseline -0.005 -17"><span class='ocrx_word' id='word_1_23' title='bbox 272 859 437 933; x_wconf 86' lang='lat' dir='ltr'>perpetiar,</span> <span class='ocrx_word' id='word_1_24' title='bbox 454 859 564 915; x_wconf 82' lang='lat' dir='ltr'>dextra</span> <span class='ocrx_word' id='word_1_25' title='bbox 579 876 635 915; x_wconf 89' lang='lat' dir='ltr'>nec</span> <span class='ocrx_word' id='word_1_26' title='bbox 648 855 795 915; x_wconf 83' lang='lat' dir='ltr'>³Dranois</span> <span class='ocrx_word' id='word_1_27' title='bbox 811 858 894 915; x_wconf 86' lang='lat' dir='ltr'>dieta</span> <span class='ocrx_word' id='word_1_28' title='bbox 907 855 1065 915; x_wconf 81' lang='lat' dir='ltr'>refellam?</span> 
     </span>
    </p>

    <p class='ocr_par' dir='ltr' id='par_1_3' title="bbox 199 947 1205 1224">
     <span class='ocr_line' id='line_1_6' title="bbox 199 947 1180 1032; baseline -0.004 -18"><span class='ocrx_word' id='word_1_29' title='bbox 199 963 256 1014; x_wconf 83' lang='grc'>645</span> <span class='ocrx_word' id='word_1_30' title='bbox 272 957 374 1032; x_wconf 84' lang='lat' dir='ltr'>Terga</span> <span class='ocrx_word' id='word_1_31' title='bbox 388 956 470 1012; x_wconf 82' lang='lat' dir='ltr'>dabo</span> <span class='ocrx_word' id='word_1_32' title='bbox 484 961 516 1013; x_wconf 93' lang='lat' dir='ltr'>et</span> <span class='ocrx_word' id='word_1_33' title='bbox 529 947 667 1012; x_wconf 77' lang='lat' dir='ltr'>Turnum</span> <span class='ocrx_word' id='word_1_34' title='bbox 681 955 851 1031; x_wconf 84' lang='lat' dir='ltr'>fugientem</span> <span class='ocrx_word' id='word_1_35' title='bbox 866 955 940 1012; x_wconf 88' lang='lat' dir='ltr'>haec</span> <span class='ocrx_word' id='word_1_36' title='bbox 952 960 1033 1011; x_wconf 84' lang='lat' dir='ltr'>terra</span> <span class='ocrx_word' id='word_1_37' title='bbox 1043 952 1180 1011; x_wconf 86' lang='lat' dir='ltr'>videbit?</span> 
     </span>
     <span class='ocr_line' id='line_1_7' title="bbox 272 1050 1205 1126; baseline -0.006 -13"><span class='ocrx_word' id='word_1_38' title='bbox 272 1054 378 1126; x_wconf 89' lang='lat' dir='ltr'>Usque</span> <span class='ocrx_word' id='word_1_39' title='bbox 394 1053 510 1110; x_wconf 91' lang='lat' dir='ltr'>adeone</span> <span class='ocrx_word' id='word_1_40' title='bbox 525 1053 601 1109; x_wconf 87' lang='lat' dir='ltr'>mori</span> <span class='ocrx_word' id='word_1_41' title='bbox 615 1053 759 1109; x_wconf 88' lang='lat' dir='ltr'>miserum</span> <span class='ocrx_word' id='word_1_42' title='bbox 774 1051 841 1110; x_wconf 85' lang='lat' dir='ltr'>est?</span> <span class='ocrx_word' id='word_1_43' title='bbox 882 1053 947 1110; x_wconf 87' lang='lat' dir='ltr'>Vos</span> <span class='ocrx_word' id='word_1_44' title='bbox 962 1050 989 1109; x_wconf 95' lang='grc' dir='ltr'>Ο</span> <span class='ocrx_word' id='word_1_45' title='bbox 1004 1052 1077 1108; x_wconf 92' lang='lat' dir='ltr'>mihi</span> <span class='ocrx_word' id='word_1_46' title='bbox 1092 1052 1205 1107; x_wconf 86' lang='lat' dir='ltr'>Manes</span> 
     </span>
     <span class='ocr_line' id='line_1_8' title="bbox 273 1149 1034 1224; baseline -0.003 -17"><span class='ocrx_word' id='word_1_47' title='bbox 273 1156 338 1207; x_wconf 88' lang='lat' dir='ltr'>este</span> <span class='ocrx_word' id='word_1_48' title='bbox 353 1149 438 1219; x_wconf 87' lang='lat' dir='ltr'>boni,</span> <span class='ocrx_word' id='word_1_49' title='bbox 454 1149 599 1222; x_wconf 92' lang='lat' dir='ltr'>quoniam</span> <span class='ocrx_word' id='word_1_50' title='bbox 613 1149 732 1224; x_wconf 86' lang='lat' dir='ltr'>superis</span> <span class='ocrx_word' id='word_1_51' title='bbox 748 1167 857 1206; x_wconf 88' lang='lat' dir='ltr'>aversa</span> <span class='ocrx_word' id='word_1_52' title='bbox 872 1149 1034 1206; x_wconf 83' lang='lat' dir='ltr'>voluntas!</span> 
     </span>
    </p>

    <p class='ocr_par' dir='ltr' id='par_1_4' title="bbox 274 1245 1238 1419">
     <span class='ocr_line' id='line_1_9' title="bbox 274 1245 1078 1320; baseline -0.002 -16"><span class='ocrx_word' id='word_1_53' title='bbox 274 1245 388 1305; x_wconf 86' lang='lat' dir='ltr'>Sancta</span> <span class='ocrx_word' id='word_1_54' title='bbox 403 1247 442 1303; x_wconf 91' lang='lat' dir='ltr'>ad</span> <span class='ocrx_word' id='word_1_55' title='bbox 458 1264 512 1303; x_wconf 88' lang='lat' dir='ltr'>vos</span> <span class='ocrx_word' id='word_1_56' title='bbox 528 1246 629 1302; x_wconf 89' lang='lat' dir='ltr'>anima</span> <span class='ocrx_word' id='word_1_57' title='bbox 644 1251 735 1318; x_wconf 88' lang='lat' dir='ltr'>atque</span> <span class='ocrx_word' id='word_1_58' title='bbox 750 1247 839 1303; x_wconf 89' lang='lat' dir='ltr'>istius</span> <span class='ocrx_word' id='word_1_59' title='bbox 854 1247 957 1303; x_wconf 88' lang='lat' dir='ltr'>nescia</span> <span class='ocrx_word' id='word_1_60' title='bbox 972 1246 1078 1320; x_wconf 89' lang='lat' dir='ltr'>culpae</span> 
     </span>
     <span class='ocr_line' id='line_1_10' title="bbox 274 1341 1238 1419; baseline -0.003 -18"><span class='ocrx_word' id='word_1_61' title='bbox 274 1344 470 1412; x_wconf 85' lang='lat' dir='ltr'>descendam,</span> <span class='ocrx_word' id='word_1_62' title='bbox 482 1361 662 1418; x_wconf 84' lang='lat' dir='ltr'>magnorum</span> <span class='ocrx_word' id='word_1_63' title='bbox 677 1343 758 1414; x_wconf 89' lang='lat' dir='ltr'>haud</span> <span class='ocrx_word' id='word_1_64' title='bbox 772 1361 915 1416; x_wconf 88' lang='lat' dir='ltr'>umquam</span> <span class='ocrx_word' id='word_1_65' title='bbox 930 1342 1072 1419; x_wconf 86' lang='lat' dir='ltr'>indignus</span> <span class='ocrx_word' id='word_1_66' title='bbox 1087 1341 1238 1399; x_wconf 62' lang='lat' dir='ltr'>avorum)</span> 
     </span>
    </p>
   </div>
   <div class='ocr_carea' id='block_1_3' title="bbox 448 1546 1005 1619">
    <p class='ocr_par' dir='ltr' id='par_1_5' title="bbox 448 1546 1005 1619">
     <span class='ocr_line' id='line_1_11' title="bbox 448 1546 1005 1619; baseline 0.002 -17"><span class='ocrx_word' id='word_1_67' title='bbox 448 1546 508 1602; x_wconf 72' lang='lat' dir='ltr'>The</span> <span class='ocrx_word' id='word_1_68' title='bbox 522 1547 580 1619; x_wconf 80' lang='lat' dir='ltr'>city</span> <span class='ocrx_word' id='word_1_69' title='bbox 594 1547 682 1602; x_wconf 78' lang='lat' dir='ltr'>sends</span> <span class='ocrx_word' id='word_1_70' title='bbox 696 1553 725 1602; x_wconf 86' lang='lat' dir='ltr'>to</span> <span class='ocrx_word' id='word_1_71' title='bbox 744 1546 865 1602; x_wconf 80' lang='lat' dir='ltr'>Turnus</span> <span class='ocrx_word' id='word_1_72' title='bbox 872 1548 928 1619; x_wconf 80' lang='lat' dir='ltr'>sor</span> <span class='ocrx_word' id='word_1_73' title='bbox 942 1548 1005 1603; x_wconf 84' lang='lat' dir='ltr'>uid.</span> 
     </span>
    </p>
   </div>
   <div class='ocr_carea' id='block_1_4' title="bbox 200 1675 1167 2532">
    <p class='ocr_par' dir='ltr' id='par_1_6' title="bbox 200 1675 1127 2138">
     <span class='ocr_line' id='line_1_12' title="bbox 200 1675 1127 1750; baseline -0.001 -16"><span class='ocrx_word' id='word_1_74' title='bbox 200 1683 259 1734; x_wconf 81' lang='lat'>650</span> <span class='ocrx_word' id='word_1_75' title='bbox 312 1676 376 1733; x_wconf 85' lang='lat' dir='ltr'>Vix</span> <span class='ocrx_word' id='word_1_76' title='bbox 391 1694 427 1734; x_wconf 89' lang='lat' dir='ltr'>ea</span> <span class='ocrx_word' id='word_1_77' title='bbox 442 1677 527 1733; x_wconf 84' lang='lat' dir='ltr'>fatus</span> <span class='ocrx_word' id='word_1_78' title='bbox 541 1683 625 1733; x_wconf 89' lang='lat' dir='ltr'>erat:</span> <span class='ocrx_word' id='word_1_79' title='bbox 648 1675 766 1733; x_wconf 89' lang='lat' dir='ltr'>medios</span> <span class='ocrx_word' id='word_1_80' title='bbox 780 1675 865 1733; x_wconf 91' lang='lat' dir='ltr'>volat</span> <span class='ocrx_word' id='word_1_81' title='bbox 879 1694 948 1734; x_wconf 88' lang='lat' dir='ltr'>ecce</span> <span class='ocrx_word' id='word_1_82' title='bbox 963 1694 1017 1750; x_wconf 91' lang='lat' dir='ltr'>per</span> <span class='ocrx_word' id='word_1_83' title='bbox 1031 1677 1127 1734; x_wconf 88' lang='lat' dir='ltr'>hostis</span> 
     </span>
     <span class='ocr_line' id='line_1_13' title="bbox 274 1774 1049 1850; baseline -0.001 -19"><span class='ocrx_word' id='word_1_84' title='bbox 274 1779 382 1832; x_wconf 85' lang='lat' dir='ltr'>vectus</span> <span class='ocrx_word' id='word_1_85' title='bbox 397 1792 475 1847; x_wconf 92' lang='lat' dir='ltr'>equo</span> <span class='ocrx_word' id='word_1_86' title='bbox 490 1782 652 1847; x_wconf 85' lang='lat' dir='ltr'>spumante</span> <span class='ocrx_word' id='word_1_87' title='bbox 668 1774 774 1843; x_wconf 77' lang='lat' dir='ltr'>Saoce,</span> <span class='ocrx_word' id='word_1_88' title='bbox 791 1775 921 1832; x_wconf 86' lang='lat' dir='ltr'>adversa</span> <span class='ocrx_word' id='word_1_89' title='bbox 936 1774 1049 1850; x_wconf 85' lang='lat' dir='ltr'>sagitta</span> 
     </span>
     <span class='ocr_line' id='line_1_14' title="bbox 274 1871 1100 1945; baseline -0.002 -17"><span class='ocrx_word' id='word_1_90' title='bbox 274 1871 396 1928; x_wconf 87' lang='lat' dir='ltr'>saucius</span> <span class='ocrx_word' id='word_1_91' title='bbox 411 1888 476 1938; x_wconf 83' lang='lat' dir='ltr'>ora,</span> <span class='ocrx_word' id='word_1_92' title='bbox 493 1872 612 1944; x_wconf 89' lang='lat' dir='ltr'>ruitque</span> <span class='ocrx_word' id='word_1_93' title='bbox 628 1871 794 1945; x_wconf 84' lang='lat' dir='ltr'>implorans</span> <span class='ocrx_word' id='word_1_94' title='bbox 810 1871 931 1928; x_wconf 92' lang='lat' dir='ltr'>nomine</span> <span class='ocrx_word' id='word_1_95' title='bbox 946 1871 1100 1928; x_wconf 87' lang='lat' dir='ltr'>Turnum:</span> 
     </span>
     <span class='ocr_line' id='line_1_15' title="bbox 275 1969 1089 2042; baseline -0.001 -16"><span class='ocrx_word' id='word_1_96' title='bbox 275 1970 409 2038; x_wconf 87' lang='lat' dir='ltr'>‘Turne‚</span> <span class='ocrx_word' id='word_1_97' title='bbox 426 1969 457 2024; x_wconf 91' lang='lat' dir='ltr'>in</span> <span class='ocrx_word' id='word_1_98' title='bbox 472 1973 502 2025; x_wconf 90' lang='lat' dir='ltr'>te</span> <span class='ocrx_word' id='word_1_99' title='bbox 518 1986 660 2042; x_wconf 86' lang='lat' dir='ltr'>suprema</span> <span class='ocrx_word' id='word_1_100' title='bbox 675 1969 776 2025; x_wconf 88' lang='lat' dir='ltr'>salus:</span> <span class='ocrx_word' id='word_1_101' title='bbox 800 1969 943 2025; x_wconf 88' lang='lat' dir='ltr'>miserere</span> <span class='ocrx_word' id='word_1_102' title='bbox 959 1974 1089 2025; x_wconf 87' lang='lat' dir='ltr'>tuorum.</span> 
     </span>
     <span class='ocr_line' id='line_1_16' title="bbox 273 2065 1032 2138; baseline 0 -16"><span class='ocrx_word' id='word_1_103' title='bbox 273 2065 429 2122; x_wconf 85' lang='lat' dir='ltr'>Fuhninat</span> <span class='ocrx_word' id='word_1_104' title='bbox 442 2065 567 2122; x_wconf 87' lang='lat' dir='ltr'>Aeneas</span> <span class='ocrx_word' id='word_1_105' title='bbox 583 2067 675 2122; x_wconf 90' lang='lat' dir='ltr'>armis</span> <span class='ocrx_word' id='word_1_106' title='bbox 690 2083 884 2138; x_wconf 87' lang='lat' dir='ltr'>summasque</span> <span class='ocrx_word' id='word_1_107' title='bbox 899 2065 1032 2122; x_wconf 88' lang='lat' dir='ltr'>minatur</span> 
     </span>
    </p>

    <p class='ocr_par' dir='ltr' id='par_1_7' title="bbox 202 2161 1167 2532">
     <span class='ocr_line' id='line_1_17' title="bbox 202 2161 1091 2245; baseline -0.002 -24"><span class='ocrx_word' id='word_1_108' title='bbox 202 2172 259 2222; x_wconf 82' lang='lat'>655</span> <span class='ocrx_word' id='word_1_109' title='bbox 274 2161 478 2222; x_wconf 80' lang='lat' dir='ltr'>⁴deiecturum</span> <span class='ocrx_word' id='word_1_110' title='bbox 493 2182 579 2221; x_wconf 84' lang='lat' dir='ltr'>arces</span> <span class='ocrx_word' id='word_1_111' title='bbox 594 2164 707 2221; x_wconf 91' lang='lat' dir='ltr'>Italum</span> <span class='ocrx_word' id='word_1_112' title='bbox 722 2165 917 2245; x_wconf 83' lang='lat' dir='ltr'>exscidioque</span> <span class='ocrx_word' id='word_1_113' title='bbox 932 2165 1091 2232; x_wconf 83' lang='lat' dir='ltr'>daturum3</span> 
     </span>
     <span class='ocr_line' id='line_1_18' title="bbox 275 2261 1101 2335; baseline -0.002 -16"><span class='ocrx_word' id='word_1_114' title='bbox 275 2262 394 2335; x_wconf 89' lang='lat' dir='ltr'>iamque</span> <span class='ocrx_word' id='word_1_115' title='bbox 409 2261 495 2319; x_wconf 85' lang='lat' dir='ltr'>faces</span> <span class='ocrx_word' id='word_1_116' title='bbox 510 2263 549 2319; x_wconf 89' lang='lat' dir='ltr'>ad</span> <span class='ocrx_word' id='word_1_117' title='bbox 564 2269 646 2320; x_wconf 83' lang='lat' dir='ltr'>tecta</span> <span class='ocrx_word' id='word_1_118' title='bbox 660 2262 777 2319; x_wconf 89' lang='lat' dir='ltr'>volant.</span> <span class='ocrx_word' id='word_1_119' title='bbox 822 2264 859 2319; x_wconf 93' lang='lat' dir='ltr'>In</span> <span class='ocrx_word' id='word_1_120' title='bbox 875 2269 904 2319; x_wconf 91' lang='lat' dir='ltr'>te</span> <span class='ocrx_word' id='word_1_121' title='bbox 919 2279 973 2318; x_wconf 83' lang='lat' dir='ltr'>ora</span> <span class='ocrx_word' id='word_1_122' title='bbox 988 2262 1101 2331; x_wconf 87' lang='lat' dir='ltr'>Latini,</span> 
     </span>
     <span class='ocr_line' id='line_1_19' title="bbox 274 2356 1103 2433; baseline -0.001 -17"><span class='ocrx_word' id='word_1_123' title='bbox 274 2360 305 2416; x_wconf 92' lang='lat' dir='ltr'>in</span> <span class='ocrx_word' id='word_1_124' title='bbox 321 2365 351 2417; x_wconf 91' lang='lat' dir='ltr'>te</span> <span class='ocrx_word' id='word_1_125' title='bbox 366 2359 471 2417; x_wconf 88' lang='lat' dir='ltr'>oculos</span> <span class='ocrx_word' id='word_1_126' title='bbox 485 2360 641 2428; x_wconf 83' lang='lat' dir='ltr'>referunt;</span> <span class='ocrx_word' id='word_1_127' title='bbox 663 2356 799 2417; x_wconf 86' lang='lat' dir='ltr'>⁵mussat</span> <span class='ocrx_word' id='word_1_128' title='bbox 813 2378 867 2416; x_wconf 90' lang='lat' dir='ltr'>rex</span> <span class='ocrx_word' id='word_1_129' title='bbox 883 2360 948 2433; x_wconf 89' lang='lat' dir='ltr'>ipse</span> <span class='ocrx_word' id='word_1_130' title='bbox 964 2359 1103 2429; x_wconf 57' lang='lat' dir='ltr'>Latinus</span> 
     </span>
     <span class='ocr_line' id='line_1_20' title="bbox 274 2456 1167 2532; baseline -0.002 -19"><span class='ocrx_word' id='word_1_131' title='bbox 274 2474 496 2532; x_wconf 84' lang='lat' dir='ltr'>quos-generos</span> <span class='ocrx_word' id='word_1_132' title='bbox 510 2462 600 2514; x_wconf 85' lang='lat' dir='ltr'>vocet</span> <span class='ocrx_word' id='word_1_133' title='bbox 615 2461 668 2513; x_wconf 82' lang='lat' dir='ltr'>aui</span> <span class='ocrx_word' id='word_1_134' title='bbox 681 2474 759 2530; x_wconf 87' lang='lat' dir='ltr'>quae</span> <span class='ocrx_word' id='word_1_135' title='bbox 774 2474 841 2514; x_wconf 90' lang='lat' dir='ltr'>sese</span> <span class='ocrx_word' id='word_1_136' title='bbox 857 2458 896 2514; x_wconf 86' lang='lat' dir='ltr'>ad</span> <span class='ocrx_word' id='word_1_137' title='bbox 911 2457 1035 2513; x_wconf 84' lang='lat' dir='ltr'>foedera</span> <span class='ocrx_word' id='word_1_138' title='bbox 1053 2456 1167 2513; x_wconf 85' lang='lat' dir='ltr'>flectat.</span> 
     </span>
    </p>
   </div>
   <div class='ocr_carea' id='block_1_5' title="bbox 199 2649 1252 3852">
    <p class='ocr_par' dir='ltr' id='par_1_8' title="bbox 199 2649 1252 3852">
     <span class='ocr_line' id='line_1_21' title="bbox 243 2649 1252 2715; baseline -0.001 -16"><span class='ocrx_word' id='word_1_139' title='bbox 243 2651 394 2699; x_wconf 85' lang='lat' dir='ltr'>¹dedecus:</span> <span class='ocrx_word' id='word_1_140' title='bbox 418 2650 496 2698; x_wconf 79' lang='lat' dir='ltr'>direct</span> <span class='ocrx_word' id='word_1_141' title='bbox 515 2651 590 2714; x_wconf 79' lang='lat' dir='ltr'>object</span> <span class='ocrx_word' id='word_1_142' title='bbox 610 2651 642 2714; x_wconf 89' lang='lat' dir='ltr'>of</span> <span class='ocrx_word' id='word_1_143' title='bbox 659 2651 814 2713; x_wconf 85' lang='lat' dir='ltr'>adspiceret.</span> <span class='ocrx_word' id='word_1_144' title='bbox 848 2649 887 2699; x_wconf 81' lang='lat' dir='ltr'>Its</span> <span class='ocrx_word' id='word_1_145' title='bbox 907 2668 960 2715; x_wconf 77' lang='lat' dir='ltr'>spu.</span> <span class='ocrx_word' id='word_1_146' title='bbox 981 2667 1023 2699; x_wconf 86' lang='lat' dir='ltr'>are</span> <span class='ocrx_word' id='word_1_147' title='bbox 1043 2650 1195 2713; x_wconf 85' lang='lat' dir='ltr'>ignominia,</span> <span class='ocrx_word' id='word_1_148' title='bbox 1214 2651 1252 2699; x_wconf 95' lang='lat' dir='ltr'>in-</span> 
     </span>
     <span class='ocr_line' id='line_1_22' title="bbox 199 2734 291 2783; baseline 0 -1"><span class='ocrx_word' id='word_1_149' title='bbox 199 2734 291 2783; x_wconf 84' lang='lat' dir='ltr'>famia.</span> 
     </span>
     <span class='ocr_line' id='line_1_23' title="bbox 242 2812 1250 2879; baseline -0.002 -15"><span class='ocrx_word' id='word_1_150' title='bbox 242 2815 358 2864; x_wconf 78' lang='lat' dir='ltr'>²Uiens.</span> <span class='ocrx_word' id='word_1_151' title='bbox 395 2813 435 2878; x_wconf 84' lang='lat' dir='ltr'>Of</span> <span class='ocrx_word' id='word_1_152' title='bbox 449 2812 535 2878; x_wconf 82' lang='lat' dir='ltr'>Ufens,</span> <span class='ocrx_word' id='word_1_153' title='bbox 550 2812 631 2879; x_wconf 74' lang='lat' dir='ltr'>Verpil</span> <span class='ocrx_word' id='word_1_154' title='bbox 647 2831 713 2879; x_wconf 77' lang='lat' dir='ltr'>says,</span> <span class='ocrx_word' id='word_1_155' title='bbox 728 2814 775 2863; x_wconf 82' lang='lat' dir='ltr'>Bk.</span> <span class='ocrx_word' id='word_1_156' title='bbox 794 2813 863 2875; x_wconf 70' lang='lat' dir='ltr'>Vll„</span> <span class='ocrx_word' id='word_1_157' title='bbox 881 2814 941 2863; x_wconf 82' lang='lat' dir='ltr'>lines</span> <span class='ocrx_word' id='word_1_158' title='bbox 959 2814 1086 2865; x_wconf 77' lang='lat'>745-749:</span> <span class='ocrx_word' id='word_1_159' title='bbox 1104 2814 1197 2871; x_wconf 80' lang='lat' dir='ltr'>Ufens,</span> <span class='ocrx_word' id='word_1_160' title='bbox 1211 2814 1250 2863; x_wconf 93' lang='lat' dir='ltr'>in-</span> 
     </span>
     <span class='ocr_line' id='line_1_24' title="bbox 199 2896 1250 2960; baseline -0.001 -13"><span class='ocrx_word' id='word_1_161' title='bbox 199 2900 300 2959; x_wconf 84' lang='lat' dir='ltr'>signem</span> <span class='ocrx_word' id='word_1_162' title='bbox 313 2898 387 2945; x_wconf 77' lang='lat' dir='ltr'>sama</span> <span class='ocrx_word' id='word_1_163' title='bbox 398 2902 425 2946; x_wconf 89' lang='lat' dir='ltr'>et</span> <span class='ocrx_word' id='word_1_164' title='bbox 436 2896 560 2945; x_wconf 81' lang='lat' dir='ltr'>felicibus</span> <span class='ocrx_word' id='word_1_165' title='bbox 573 2898 668 2956; x_wconf 81' lang='lat' dir='ltr'>armis3</span> <span class='ocrx_word' id='word_1_166' title='bbox 686 2898 793 2946; x_wconf 87' lang='lat' dir='ltr'>horrida</span> <span class='ocrx_word' id='word_1_167' title='bbox 805 2899 946 2960; x_wconf 85' lang='lat' dir='ltr'>praecipue</span> <span class='ocrx_word' id='word_1_168' title='bbox 958 2898 1000 2945; x_wconf 91' lang='lat' dir='ltr'>cni</span> <span class='ocrx_word' id='word_1_169' title='bbox 1013 2913 1076 2959; x_wconf 84' lang='lat' dir='ltr'>gens</span> <span class='ocrx_word' id='word_1_170' title='bbox 1088 2897 1250 2957; x_wconf 86' lang='lat' dir='ltr'>adsuetaque</span> 
     </span>
     <span class='ocr_line' id='line_1_25' title="bbox 200 2979 1252 3042; baseline -0.002 -13"><span class='ocrx_word' id='word_1_171' title='bbox 200 2982 284 3030; x_wconf 90' lang='lat' dir='ltr'>multo</span> <span class='ocrx_word' id='word_1_172' title='bbox 296 2986 396 3029; x_wconf 85' lang='lat' dir='ltr'>venatu</span> <span class='ocrx_word' id='word_1_173' title='bbox 408 2994 552 3038; x_wconf 88' lang='lat' dir='ltr'>nemorum,</span> <span class='ocrx_word' id='word_1_174' title='bbox 565 2979 636 3028; x_wconf 93' lang='lat' dir='ltr'>duris</span> <span class='ocrx_word' id='word_1_175' title='bbox 649 2981 800 3041; x_wconf 86' lang='lat' dir='ltr'>Aequicula</span> <span class='ocrx_word' id='word_1_176' title='bbox 812 2980 922 3042; x_wconf 87' lang='lat' dir='ltr'>glaebis.</span> <span class='ocrx_word' id='word_1_177' title='bbox 952 2980 1059 3028; x_wconf 84' lang='lat' dir='ltr'>Armati</span> <span class='ocrx_word' id='word_1_178' title='bbox 1070 2986 1168 3029; x_wconf 88' lang='lat' dir='ltr'>terram</span> <span class='ocrx_word' id='word_1_179' title='bbox 1180 2994 1252 3028; x_wconf 87' lang='lat' dir='ltr'>exer·</span> 
     </span>
     <span class='ocr_line' id='line_1_26' title="bbox 199 3063 1175 3126; baseline -0.001 -14"><span class='ocrx_word' id='word_1_180' title='bbox 199 3070 268 3123; x_wconf 84' lang='lat' dir='ltr'>cent,</span> <span class='ocrx_word' id='word_1_181' title='bbox 281 3077 435 3124; x_wconf 87' lang='lat' dir='ltr'>semperque</span> <span class='ocrx_word' id='word_1_182' title='bbox 447 3063 559 3111; x_wconf 89' lang='lat' dir='ltr'>recentis</span> <span class='ocrx_word' id='word_1_183' title='bbox 572 3068 729 3112; x_wconf 87' lang='lat' dir='ltr'>convectare</span> <span class='ocrx_word' id='word_1_184' title='bbox 741 3063 816 3111; x_wconf 85' lang='lat' dir='ltr'>iuvat</span> <span class='ocrx_word' id='word_1_185' title='bbox 828 3063 939 3125; x_wconf 88' lang='lat' dir='ltr'>praedas</span> <span class='ocrx_word' id='word_1_186' title='bbox 952 3069 979 3112; x_wconf 89' lang='lat' dir='ltr'>et</span> <span class='ocrx_word' id='word_1_187' title='bbox 990 3064 1079 3112; x_wconf 85' lang='lat' dir='ltr'>vivere</span> <span class='ocrx_word' id='word_1_188' title='bbox 1091 3068 1175 3126; x_wconf 78' lang='lat' dir='ltr'>rapto,</span> 
     </span>
     <span class='ocr_line' id='line_1_27' title="bbox 242 3142 1008 3209; baseline 0 -16"><span class='ocrx_word' id='word_1_189' title='bbox 242 3145 253 3177; x_wconf 75' lang='lat'>⁸</span> <span class='ocrx_word' id='word_1_190' title='bbox 265 3146 386 3194; x_wconf 83' lang='lat' dir='ltr'>Drancis.</span> <span class='ocrx_word' id='word_1_191' title='bbox 423 3142 463 3208; x_wconf 88' lang='lat' dir='ltr'>Os</span> <span class='ocrx_word' id='word_1_192' title='bbox 472 3143 529 3203; x_wconf 78' lang='lat' dir='ltr'>lim,</span> <span class='ocrx_word' id='word_1_193' title='bbox 547 3142 628 3209; x_wconf 74' lang='lat' dir='ltr'>Verpr&#39;l</span> <span class='ocrx_word' id='word_1_194' title='bbox 639 3161 705 3209; x_wconf 76' lang='lat' dir='ltr'>says,</span> <span class='ocrx_word' id='word_1_195' title='bbox 719 3144 768 3194; x_wconf 77' lang='lat' dir='ltr'>Bk.</span> <span class='ocrx_word' id='word_1_196' title='bbox 780 3144 828 3195; x_wconf 86' lang='lat' dir='ltr'>XI</span> <span class='ocrx_word' id='word_1_197' title='bbox 828 3183 841 3205; x_wconf 89' lang='lat'>.,</span> <span class='ocrx_word' id='word_1_198' title='bbox 853 3144 869 3195; x_wconf 88' lang='lat' dir='ltr'>l.</span> <span class='ocrx_word' id='word_1_199' title='bbox 882 3144 938 3206; x_wconf 84' lang='lat'><strong>336,</strong></span> <span class='ocrx_word' id='word_1_200' title='bbox 950 3153 1008 3195; x_wconf 74' lang='lat' dir='ltr'>etc:</span> 
     </span>
     <span class='ocr_line' id='line_1_28' title="bbox 379 3227 855 3278; baseline 0.002 -2"><span class='ocrx_word' id='word_1_201' title='bbox 379 3228 447 3276; x_wconf 87' lang='lat' dir='ltr'>Tum</span> <span class='ocrx_word' id='word_1_202' title='bbox 459 3227 578 3276; x_wconf 87' lang='lat' dir='ltr'>Drances</span> <span class='ocrx_word' id='word_1_203' title='bbox 596 3227 666 3278; x_wconf 89' lang='lat' dir='ltr'>idem</span> <span class='ocrx_word' id='word_1_204' title='bbox 677 3228 797 3277; x_wconf 81' lang='lat' dir='ltr'>infensus</span> <span class='ocrx_word' id='word_1_205' title='bbox 810 3264 816 3275; x_wconf 90' lang='lat'>.</span> <span class='ocrx_word' id='word_1_206' title='bbox 830 3264 855 3277; x_wconf 92' lang='lat'>..</span> 
     </span>
     <span class='ocr_line' id='line_1_29' title="bbox 380 3310 1129 3373; baseline 0.004 -16"><span class='ocrx_word' id='word_1_207' title='bbox 380 3346 386 3358; x_wconf 91' lang='lat'>.</span> <span class='ocrx_word' id='word_1_208' title='bbox 399 3346 405 3357; x_wconf 90' lang='lat'>.</span> <span class='ocrx_word' id='word_1_209' title='bbox 418 3346 425 3360; x_wconf 89' lang='lat'>.</span> <span class='ocrx_word' id='word_1_210' title='bbox 437 3310 526 3372; x_wconf 83' lang='lat' dir='ltr'>largus</span> <span class='ocrx_word' id='word_1_211' title='bbox 539 3324 619 3371; x_wconf 89' lang='lat' dir='ltr'>opum</span> <span class='ocrx_word' id='word_1_212' title='bbox 631 3316 658 3359; x_wconf 89' lang='lat' dir='ltr'>et</span> <span class='ocrx_word' id='word_1_213' title='bbox 669 3310 761 3373; x_wconf 84' lang='lat' dir='ltr'>lingua</span> <span class='ocrx_word' id='word_1_214' title='bbox 772 3311 873 3370; x_wconf 87' lang='lat' dir='ltr'>melior,</span> <span class='ocrx_word' id='word_1_215' title='bbox 886 3310 932 3359; x_wconf 91' lang='lat' dir='ltr'>sed</span> <span class='ocrx_word' id='word_1_216' title='bbox 943 3310 1042 3372; x_wconf 79' lang='lat' dir='ltr'>frigida</span> <span class='ocrx_word' id='word_1_217' title='bbox 1058 3310 1129 3360; x_wconf 88' lang='lat' dir='ltr'>bello</span> 
     </span>
     <span class='ocr_line' id='line_1_30' title="bbox 380 3392 1020 3451; baseline -0.002 -9"><span class='ocrx_word' id='word_1_218' title='bbox 380 3393 496 3451; x_wconf 82' lang='lat' dir='ltr'>dextera,</span> <span class='ocrx_word' id='word_1_219' title='bbox 508 3392 625 3440; x_wconf 91' lang='lat' dir='ltr'>consiliis</span> <span class='ocrx_word' id='word_1_220' title='bbox 637 3393 745 3441; x_wconf 91' lang='lat' dir='ltr'>habitus</span> <span class='ocrx_word' id='word_1_221' title='bbox 757 3409 810 3442; x_wconf 92' lang='lat' dir='ltr'>non</span> <span class='ocrx_word' id='word_1_222' title='bbox 821 3393 907 3441; x_wconf 81' lang='lat' dir='ltr'>futilis</span> <span class='ocrx_word' id='word_1_223' title='bbox 920 3399 1020 3451; x_wconf 86' lang='lat' dir='ltr'>auctor,</span> 
     </span>
     <span class='ocr_line' id='line_1_31' title="bbox 380 3475 669 3536; baseline 0.003 -12"><span class='ocrx_word' id='word_1_224' title='bbox 380 3475 507 3524; x_wconf 88' lang='lat' dir='ltr'>seditione</span> <span class='ocrx_word' id='word_1_225' title='bbox 520 3481 614 3536; x_wconf 88' lang='lat' dir='ltr'>potens</span> <span class='ocrx_word' id='word_1_226' title='bbox 628 3513 633 3524; x_wconf 92' lang='lat'><strong><em>.</em></strong></span> <span class='ocrx_word' id='word_1_227' title='bbox 646 3513 669 3525; x_wconf 85' lang='lat'>..</span> 
     </span>
     <span class='ocr_line' id='line_1_32' title="bbox 380 3558 1036 3621; baseline 0.002 -14"><span class='ocrx_word' id='word_1_228' title='bbox 380 3558 464 3618; x_wconf 87' lang='lat' dir='ltr'>surgit</span> <span class='ocrx_word' id='word_1_229' title='bbox 476 3563 503 3606; x_wconf 91' lang='lat' dir='ltr'>et</span> <span class='ocrx_word' id='word_1_230' title='bbox 515 3558 556 3605; x_wconf 90' lang='lat' dir='ltr'>his</span> <span class='ocrx_word' id='word_1_231' title='bbox 569 3563 660 3606; x_wconf 87' lang='lat' dir='ltr'>onerat</span> <span class='ocrx_word' id='word_1_232' title='bbox 673 3558 749 3608; x_wconf 88' lang='lat' dir='ltr'>dictis</span> <span class='ocrx_word' id='word_1_233' title='bbox 762 3564 841 3620; x_wconf 88' lang='lat' dir='ltr'>atque</span> <span class='ocrx_word' id='word_1_234' title='bbox 854 3564 963 3621; x_wconf 84' lang='lat' dir='ltr'>aggerat</span> <span class='ocrx_word' id='word_1_235' title='bbox 975 3558 1036 3608; x_wconf 85' lang='lat' dir='ltr'>iras.</span> 
     </span>
     <span class='ocr_line' id='line_1_33' title="bbox 242 3638 1038 3704; baseline 0.004 -18"><span class='ocrx_word' id='word_1_236' title='bbox 242 3639 253 3671; x_wconf 80' lang='lat'><strong>⁴</strong></span> <span class='ocrx_word' id='word_1_237' title='bbox 266 3639 437 3697; x_wconf 86' lang='lat' dir='ltr'>deiecturum,</span> <span class='ocrx_word' id='word_1_238' title='bbox 450 3640 582 3697; x_wconf 85' lang='lat' dir='ltr'>daturum,</span> <span class='ocrx_word' id='word_1_239' title='bbox 594 3638 732 3704; x_wconf 59' lang='lat' dir='ltr'>depending]</span> <span class='ocrx_word' id='word_1_240' title='bbox 744 3656 805 3703; x_wconf 81' lang='lat' dir='ltr'>upon</span> <span class='ocrx_word' id='word_1_241' title='bbox 818 3642 941 3699; x_wconf 87' lang='lat' dir='ltr'>minatur,</span> <span class='ocrx_word' id='word_1_242' title='bbox 951 3638 967 3688; x_wconf 86' lang='lat' dir='ltr'>l.</span> <span class='ocrx_word' id='word_1_243' title='bbox 981 3640 1038 3689; x_wconf 81' lang='lat'><strong>654.</strong></span> 
     </span>
     <span class='ocr_line' id='line_1_34' title="bbox 242 3720 1251 3784; baseline 0.003 -16"><span class='ocrx_word' id='word_1_244' title='bbox 242 3720 374 3769; x_wconf 81' lang='lat' dir='ltr'>⁵mussat.</span> <span class='ocrx_word' id='word_1_245' title='bbox 408 3721 489 3769; x_wconf 91' lang='lat' dir='ltr'>Modo</span> <span class='ocrx_word' id='word_1_246' title='bbox 501 3720 606 3769; x_wconf 84' lang='lat' dir='ltr'>dubitat</span> <span class='ocrx_word' id='word_1_247' title='bbox 623 3726 650 3769; x_wconf 89' lang='lat' dir='ltr'>et</span> <span class='ocrx_word' id='word_1_248' title='bbox 668 3728 810 3771; x_wconf 84' lang='lat' dir='ltr'>cunctatur</span> <span class='ocrx_word' id='word_1_249' title='bbox 827 3722 885 3772; x_wconf 85' lang='lat' dir='ltr'>Rex</span> <span class='ocrx_word' id='word_1_250' title='bbox 903 3722 960 3784; x_wconf 88' lang='lat' dir='ltr'>ipse</span> <span class='ocrx_word' id='word_1_251' title='bbox 978 3722 1074 3784; x_wconf 92' lang='lat' dir='ltr'>inquo</span> <span class='ocrx_word' id='word_1_252' title='bbox 1092 3737 1195 3771; x_wconf 86' lang='lat' dir='ltr'>summa</span> <span class='ocrx_word' id='word_1_253' title='bbox 1212 3736 1251 3771; x_wconf 88' lang='lat' dir='ltr'>re-</span> 
     </span>
     <span class='ocr_line' id='line_1_35' title="bbox 199 3803 448 3852; baseline -0.004 -1"><span class='ocrx_word' id='word_1_254' title='bbox 199 3818 267 3851; x_wconf 88' lang='lat' dir='ltr'>rum.</span> <span class='ocrx_word' id='word_1_255' title='bbox 277 3830 308 3838; x_wconf 89' lang='lat'><em>-</em></span> <span class='ocrx_word' id='word_1_256' title='bbox 318 3803 448 3852; x_wconf 81' lang='lat' dir='ltr'>Ssavrus.</span> 
     </span>
    </p>
   </div>
   <div class='ocr_carea' id='block_1_6' title="bbox 0 0 1417 4300">
    <p class='ocr_par' dir='ltr' id='par_1_9' title="bbox 0 0 1417 4300">
     <span class='ocr_line' id='line_1_36' title="bbox 0 0 1417 4300; baseline 0 0"><span class='ocrx_word' id='word_1_257' title='bbox 0 0 1417 4300; x_wconf 95' lang='lat' dir='ltr'> </span> 
     </span>
    </p>
   </div>
  </div>
 </body>
</html>
