2817 4300
548 388 665 434 sfloar
687 388 888 435 nxrnncrs.
998 391 1001 400 ⁴
1084 455 1095 462 ,
1180 373 1243 436 179

367 592 415 648 71.
445 591 498 648 An
520 592 672 649 Incrnsnr
693 609 727 649 m
747 609 809 648 rna
832 573 951 650 Snnmn
972 591 1065 648 Wnn.

231 721 440 778 Novissimum
464 722 502 778 ab
518 720 641 778 Sabinis
662 722 775 779 bellum
797 727 908 792 ortum,
925 722 1079 796 multoque
1099 722 1131 780 iu
1145 723 1242 780 maxi-

189 836 272 874 mum
287 819 357 874 fuit.
402 818 488 874 Nihil
509 819 588 875 enim
611 837 666 893 per
687 820 762 876 iram
778 825 832 876 aut
845 821 1042 894 cupiditatem
1059 826 1159 876 actum
1175 827 1240 877 est:

190 936 246 975 nec
273 917 475 973 ostenderunt
502 916 617 974 bellurn
641 918 737 991 price,
764 935 854 990 quam
884 917 1061 974 intulerunt.
1106 915 1242 975 Consilio

190 1016 282 1072 etiarn
304 1013 428 1070 additus
449 1013 548 1071 dolus.
594 1013 648 1089 Sp.
672 1015 823 1089 Tarpeius
839 1015 996 1072 Romanae
1010 1020 1152 1089 praeerat
1167 1016 1239 1072 arci.

191 1114 293 1187 Hujus
306 1112 400 1168 filiam
414 1112 565 1188 virginem
581 1131 655 1170 auro
677 1114 843 1188 corrumpit
864 1113 983 1182 Tatius,
1001 1119 1035 1170 ut
1056 1120 1188 1170 armatos
1211 1114 1241 1170 iu

190 1229 290 1268 arcem
313 1211 455 1284 accipiat.
499 1212 620 1284 Aquam
642 1213 723 1269 forte
747 1231 783 1269 ea
804 1217 868 1268 tum
895 1212 989 1269 sacris
1012 1217 1101 1268 extra
1122 1212 1242 1268 moenia

190 1309 318 1382 petitum
340 1309 428 1366 ierat.
472 1309 604 1384 Accepti
625 1310 766 1367 obrutam
790 1311 881 1366 armis
903 1328 1070 1378 necarere;
1094 1328 1146 1366 seu
1163 1315 1196 1366 ut
1211 1310 1241 1365 ri

190 1412 281 1480 capta
302 1407 404 1481 potius
427 1425 484 1464 arx
506 1408 670 1478 videretur,
688 1426 742 1465 seu
764 1408 911 1482 prodendi
934 1407 1066 1481 exempli
1082 1425 1186 1475 carisa,
1203 1425 1241 1464 ne

190 1504 262 1577 quid
284 1522 412 1578 usquam
434 1505 527 1562 fidum
550 1505 698 1578 proditori
721 1511 814 1562 esset.
859 1506 994 1562 Additur
1019 1506 1135 1573 fabula,
1160 1505 1241 1578 quod

189 1601 281 1677 vulgo
304 1602 411 1659 Sabini
432 1620 541 1660 aureas
558 1602 692 1659 armillas
716 1603 818 1679 magni
837 1603 981 1676 ponderis
1002 1603 1126 1660 brachio
1140 1602 1239 1672 laevo,

188 1706 420 1776 gemmatosque
449 1718 561 1775 magna
589 1700 691 1773 speeie
721 1700 850 1756 annulos
886 1700 1057 1768 habuerint,
1088 1699 1241 1775 pepigisse

190 1813 269 1862 eam,
290 1797 371 1870 quod
393 1797 424 1853 in
447 1798 580 1854 sinistris
602 1797 744 1854 manibus
765 1797 932 1854 haberent:
956 1814 992 1853 eo
1014 1801 1102 1853 scuta
1122 1795 1166 1852 illi
1186 1793 1242 1869 pro

189 1911 246 1968 pro
260 1894 360 1951 aureis
375 1894 465 1950 donis
479 1900 637 1970 congesta.

288 2181 291 2185 “
356 2174 403 2229 72.
435 2172 574 2230 Cmsnn's
595 2173 839 2231 Annnnsnnsnr
861 2191 900 2231 or
921 2192 972 2231 ms
994 2175 1079 2231 Man.

230 2321 312 2378 Dum
334 2321 519 2394 haecssparat
540 2326 631 2393 atquc
660 2320 866 2389 administrat,
890 2320 926 2378 C.
949 2322 1078 2378 Fabium
1108 2320 1241 2397 legatum

189 2436 257 2476 eum
273 2417 444 2491 legionibus
459 2434 507 2485 111,
520 2435 596 2489 quas
613 2418 758 2474 Narbone
771 2417 943 2491 circumque
959 2435 995 2474 ea
1006 2417 1074 2474 loca
1089 2418 1243 2475 hiemandi

189 2533 284 2573 causa
294 2515 498 2588 disposuerat,
511 2514 543 2570 in
558 2515 741 2588 Hispaniam
757 2514 926 2588 praemittit
936 2514 1133 2588 celeriterque
1146 2514 1242 2572 saltus

139 2593 145 2603 ¹
189 2615 365 2689 Pyrenaeos
393 2612 535 2685 occupari
563 2612 661 2684 jubet,
685 2611 737 2685 qui
766 2630 803 2669 eo
828 2616 964 2685 tempore
991 2612 1029 2668 ab
1051 2612 1087 2667 L.
1111 2612 1243 2670 Afranio

189 2710 293 2786 legato
304 2710 465 2784 praesidiis
478 2708 672 2766 tenebantur.
717 2709 862 2783 Reliquas
873 2708 1022 2785 legiones,
1032 2726 1110 2783 quae
1122 2710 1244 2785 longius

190 2808 377 2875 hiemabant,
395 2806 540 2879 subsequi
560 2806 658 2880 jubet.
702 2806 829 2875 Fabius,
846 2813 880 2864 ut
895 2812 960 2864 erat
981 2807 1173 2881 imperatum,
1191 2809 1243 2865 ad·

190 2906 288 2961 hibita
301 2904 457 2962 celeritate
472 2904 659 2978 praesidium
670 2922 711 2961 ex
723 2904 802 2961 saltu
814 2905 927 2978 dejecit
938 2905 1117 2981 magnisque
1130 2905 1244 2961 itineri·

193 3002 248 3059 bns
274 3002 313 3059 ad
338 3003 506 3059 exereitum
527 3002 653 3059 Afranii
674 3003 843 3060 contendit.
887 3003 1035 3059 Adventu
1057 3003 1093 3058 L.
1117 3002 1243 3059 Vibullii

192 3100 272 3167 nun,
289 3118 378 3173 quem
393 3118 412 3155 a
426 3099 572 3173 Pompeio
595 3100 719 3156 missum
743 3100 773 3156 in
797 3100 978 3174 Hispaniam
1002 3101 1244 3157 demonstratum

191 3206 250 3264 cst,
268 3197 417 3253 Afranius
441 3202 472 3254 et
494 3198 633 3254 Petreius
655 3202 686 3254 et
707 3198 816 3266 Varr0,
833 3194 928 3273 legati
949 3199 1098 3271 Pompeii,
1116 3216 1243 3270 quorum

191 3312 271 3350 unus
286 3294 470 3368 Hispaniam
483 3294 655 3352 citeriorem
668 3296 767 3352 tribus
782 3295 964 3371 legionibus,
979 3296 1057 3352 alter
1071 3295 1243 3353 ulteriorem

192 3411 211 3448 a
228 3390 307 3449 saltu
322 3390 540 3449 Castulonensi
561 3392 601 3449 ad
622 3393 725 3449 Anam
747 3394 867 3450 duabus
882 3392 1066 3468 legionibus,
1083 3394 1190 3450 tertias
1205 3395 1244 3449 ab

192 3490 264 3546 Ana
284 3490 452 3547 Vettonum
473 3507 579 3565 agrum
600 3490 850 3564 Lusitaniamque
870 3490 937 3564 pari
952 3508 1077 3548 numero
1090 3491 1243 3566 legionum

192 3588 363 3656 obtinebat,
380 3587 479 3644 officia
493 3587 572 3646 iuter
587 3605 620 3644 se
643 3587 827 3661 partiuntur,
844 3589 889 3645 uti
910 3588 1050 3645 Petreius
1066 3606 1105 3644 ex
1123 3588 1244 3645 Lusita·

193 3685 244 3741 nia
258 3703 313 3759 per
324 3685 476 3742 Vettones
491 3702 558 3742 cum
575 3686 716 3746 omnibus
731 3685 827 3758 copiis
843 3686 881 3741 ad
894 3686 1056 3741 Afranium
1072 3686 1244 3759 proficisca-

193 3786 253 3851 tur,
269 3780 368 3837 Varro
383 3798 452 3838 cum
467 3780 504 3837 iis
515 3798 593 3855 quas
608 3782 741 3839 habebat
752 3781 923 3858 legionibus
935 3800 1056 3839 omnem
1071 3781 1244 3841 ulteriorem
