2817 4300
530 372 699 435 vnscm’s
722 389 856 435 mnam.

242 559 366 636 ignaros
380 558 491 616 deinde
506 558 537 614 in
551 559 645 616 muris
659 559 852 632 Martemque
867 555 990 617 ¹cicntis

242 657 491 728 Alcandrumque
505 655 689 729 Haliumque
706 657 923 730 Noemonaque
938 657 1167 732 Prytanimqne.

243 755 367 828 Lyncea
380 754 555 810 tendentem
571 759 678 810 eontra
692 753 851 826 sociosque
866 761 1027 811 vocantem

242 851 376 909 vibranti
390 849 493 926 gladio
508 850 637 907 conixus
652 851 690 907 ab
706 868 817 927 aggere
832 852 941 908 dexter

235 953 391 1023 'occupat3
414 947 483 1004 huic
498 965 559 1005 uno
573 948 729 1006 desectum
744 949 911 1006 cornminus
926 949 988 1006 ictu
1161 956 1219 1007 770

243 1065 310 1105 cum
326 1046 415 1122 galea
431 1047 521 1123 longe
536 1047 630 1104 iacuit
644 1051 746 1120 caput.
791 1046 868 1104 Inde
884 1048 1018 1104 ferarum

243 1149 432 1203 vastatorem
446 1145 609 1219 Amycum,
625 1162 686 1218 quo
702 1163 764 1201 non
779 1144 898 1202 felicior
912 1144 989 1202 alter

243 1239 373 1318 ²ungere
387 1242 449 1300 tela
462 1260 555 1299 manu
570 1243 744 1316 ferrumque
759 1259 876 1298 armare
891 1259 1020 1312 venen0,

245 1345 276 1398 et
290 1339 424 1416 Clytium
438 1339 589 1397 Aeoliden
604 1344 635 1397 et
650 1341 779 1396 amicum
794 1337 926 1398 Crethea
941 1340 1051 1408 Musis,

246 1436 376 1494 Crethea
390 1438 549 1493 Musarum
564 1437 716 1507 comitem,
733 1437 781 1494 cui
796 1437 930 1494 carmina
945 1454 1064 1510 semper
1162 1443 1219 1494 775

246 1539 278 1591 et
292 1534 426 1592 citharae
441 1534 525 1591 cordi
539 1551 740 1607 numerosque
757 1534 913 1590 intendere
929 1534 1040 1591 nervis.

250 1629 393 1708 [Semper
408 1647 502 1705 equos
517 1635 609 1704 atque
625 1648 710 1687 arma
724 1631 822 1687 virum
837 1648 1015 1705 pugnasque
1031 1627 1190 1706 canebat]

473 1831 537 1888 The
552 1831 629 1905 rully
644 1833 682 1904 os
696 1831 743 1888 the
763 1831 908 1905 Trojuas.

288 1963 426 2020 Tandem
441 1962 583 2020 ductores
598 1963 702 2019 audita
718 1963 810 2020 caede
826 1981 946 2020 suorum

249 2060 435 2118 conveniunt
449 2059 570 2129 Teucri,
586 2060 768 2117 Mnestheus
784 2077 912 2132 acerque
928 2061 1079 2132 Serestus,

249 2158 442 2232 palantisque
457 2157 564 2215 vident
578 2156 678 2215 socios
693 2157 872 2230 hostemque
887 2165 1052 2232 receptum.
1165 2165 1223 2217 780

248 2256 290 2312 Et
301 2255 482 2313 Mnestheus
494 2275 501 2310 z
519 2254 604 2327 ‘Quo
616 2255 725 2312 deinde
737 2256 852 2330 fugam,
867 2273 927 2330 quo
938 2256 1064 2313 tenditis
1073 2255 1099 2312 ?’
1115 2256 1222 2328 inquit.

251 2352 353 2425 ‘Quos
368 2353 445 2409 alios
459 2370 573 2422 murOS,
590 2370 668 2425 quae
683 2353 744 2409 iam
758 2353 838 2410 ultra
852 2353 973 2410 moenia
987 2351 1127 2410 habetis?

248 2450 336 2509 Unus
349 2452 441 2507 homo
456 2455 487 2507 et
500 2450 623 2519 vestris,
639 2467 658 2506 o
672 2450 767 2520 cives,
783 2451 915 2524 undiquc
931 2456 1055 2525 saeptus

249 2549 410 2624 aggeribus
425 2553 529 2605 tantas
543 2545 680 2623 8strages
695 2548 808 2623 inpune
823 2566 877 2622 per
890 2548 996 2605 urbem

248 2646 387 2715 ediderit,
404 2646 547 2702 iuvenum
563 2646 677 2720 primos
692 2650 740 2703 tot
753 2646 870 2703 miserit
884 2644 984 2703 Orco?
1166 2652 1223 2703 785

249 2742 319 2800 Non
335 2743 467 2800 infelicis
479 2742 597 2817 patriae
612 2748 809 2816 veterumque
825 2744 948 2801 demum

249 2846 280 2898 et
293 2841 397 2918 magni
412 2842 548 2911 Aeneae,
563 2838 701 2917 ⁴segnes,
718 2842 899 2918 miseretque
914 2839 1088 2916 pudetque?

247 2939 373 2997 Talibus
388 2940 510 2998 accensi
523 2941 682 3018 firmantur
696 2944 727 2996 et
742 2939 861 3015 agmine
876 2939 972 2995 denso

249 3038 431 3095 consistunt.
476 3039 598 3095 Turnus
613 3037 761 3112 paulatim
775 3037 923 3095 excedere
939 3054 1041 3111 pugna

230 3173 233 3177 ι
250 3141 280 3193 et
293 3138 416 3195 fiuvium
432 3144 536 3212 petere
553 3156 589 3195 ac
604 3143 733 3212 partem,
751 3152 828 3209 quae
845 3135 975 3209 cingitur
989 3134 1089 3202 unda;
1166 3139 1224 3191 790

250 3236 347 3292 acrius
362 3237 420 3294 hoo
434 3236 544 3293 Teucri
560 3235 690 3293 clamore
706 3234 879 3291 incumbere
894 3249 1006 3307 magno

249 3337 281 3389 et
293 3333 462 3408 glomerare
477 3351 611 3390 manum.
656 3332 719 3390 Ceu
736 3350 860 3389 saevum
875 3330 964 3387 turba
979 3329 1097 3385 leonem

250 3446 317 3487 cum
331 3430 400 3487 telis
417 3431 527 3503 premit
541 3430 682 3498 infensis,
700 3435 734 3487 at
747 3430 871 3487 territus
885 3427 946 3496 ille,

249 3544 350 3600 asper,
367 3528 478 3585 acerba
492 3532 592 3595 tuens,
609 3532 691 3585 retro
706 3527 796 3597 redit,
813 3532 844 3583 et
858 3542 955 3598 neque
970 3529 1057 3600 terga

317 3720 327 3754 ¹
340 3722 441 3778 cientis,
454 3724 558 3785 roustnq.
776 3720 786 3753 3
799 3728 908 3782 strages,
920 3737 957 3768 see
969 3718 1016 3767 line
1028 3718 1083 3767 526.

316 3803 328 3837 ²
339 3819 445 3865 ungere,
457 3804 548 3853 auant.
776 3804 786 3837 4
799 3819 891 3865 segnes
906 3802 992 3867 (adp),
1005 3800 1067 3849 slow.
