2817 4300
571 379 738 443 vnaem’s
762 397 897 442 mnam.

398 599 462 658 The
477 601 603 657 address
618 601 657 674 of
668 601 790 658 Turnus
804 608 832 657 to
847 601 894 656 Iris
906 601 1068 674 followers.

282 726 328 783 At
342 743 403 783 non
418 726 526 784 audaci
541 726 644 782 Turno
659 725 769 782 fiducia
785 726 896 794 cessit;

282 822 363 880 ultro
378 823 495 879 animos
510 823 591 880 tollit
605 823 695 880 dictis
711 828 802 896 atque
817 823 956 898 increpat
969 824 1068 882 ultro:

286 920 455 976 ‘Troianos
469 921 546 977 haec
560 925 697 980 monstra
712 926 831 993 petunt,
848 921 894 976 his
909 921 1048 995 Iuppiter
1063 922 1128 998 ipse

283 1017 429 1074 auxilium
444 1016 566 1073 solitum
581 1016 702 1090 cripuit,
719 1035 780 1073 non
796 1016 857 1074 tela
873 1035 969 1091 neque
985 1019 1071 1094 ignes

283 1120 451 1188 expectans
466 1113 606 1171 Rutulos.
651 1115 735 1190 Ergo
750 1115 845 1171 maria
860 1114 942 1173 invia
957 1117 1083 1174 Teucris
1202 1127 1259 1176 130

283 1232 342 1284 nec
354 1231 425 1286 spes
439 1212 502 1269 ulla
517 1214 625 1287 fugae:
649 1230 748 1269 rerum
764 1230 835 1286 pars
850 1213 946 1269 altera
960 1216 1104 1291 adempta
1118 1224 1175 1274 est.
1255 1279 1262 1293 k

284 1311 379 1368 Terra
393 1317 495 1368 autem
509 1312 540 1367 in
556 1311 669 1368 nostris
684 1311 836 1380 manibus,
854 1317 900 1368 tot
914 1312 996 1370 milia
1009 1322 1117 1389 gentes

283 1427 367 1465 arma
382 1410 487 1466 ierunt
500 1409 608 1466 Italae.
654 1409 707 1465 Nil
721 1427 769 1466 me
784 1409 893 1466 fatalia
908 1416 1033 1476 terrent,

283 1503 386 1580 ¹siqua
400 1508 538 1582 Phryges
553 1525 626 1581 prae
641 1525 674 1564 se
690 1507 817 1575 iactant,
834 1525 983 1582 responsa
997 1510 1141 1568 deorum:

284 1609 334 1660 sat
347 1604 421 1660 fatis
438 1605 607 1678 Venerique
623 1606 740 1675 datum,
758 1605 885 1681 tetigere
900 1607 981 1679 quod
997 1625 1071 1664 arva
1203 1616 1258 1665 135

284 1701 393 1758 fertilis
407 1703 565 1760 Ausoniae
581 1703 688 1759 Troes
735 1701 813 1760 Sunt
828 1709 859 1760 et
874 1721 941 1760 mea
956 1711 1063 1762 contra

284 1802 351 1858 fata
364 1801 449 1872 mihi,
466 1803 549 1859 ferro
564 1802 745 1859 sceleratam
760 1803 938 1860 exscindere
953 1809 1086 1878 gentem,

284 1898 412 1974 coniuge
427 1904 588 1974 praerepta
595 1920 615 1955 ,;.
630 1917 687 1956 nec
702 1899 785 1956 solos
801 1901 901 1975 tangit
914 1900 1042 1958 Atridas

284 1997 342 2053 iste
356 1996 443 2054 dolor
456 1998 590 2070 solisque
604 1996 678 2054 licet
692 2015 800 2071 capere
816 2016 900 2054 arma
915 1999 1067 2074 Mycenis.

285 2093 346 2153 Sed
361 2094 488 2169 periisse
503 2095 597 2153 semel
612 2095 689 2153 satis
704 2101 770 2153 est:
793 2091 937 2171 ²peccarc
953 2096 1065 2154 fuisset
1203 2105 1260 2155 140

285 2199 356 2251 ante
371 2194 446 2251 satis
461 2194 583 2267 penitus
598 2194 689 2250 modo
705 2212 766 2251 non
781 2211 878 2269 genus
893 2212 982 2251 omne
998 2212 1124 2268 perosos

284 2290 472 2349 femineum.⁸
501 2291 618 2363 Quibus
632 2292 709 2348 haec
724 2292 815 2348 medii
830 2292 939 2349 fiducia
954 2291 1026 2349 valli

285 2390 498 2461 fossarumque
512 2407 625 2459 morae,
642 2389 695 2446 leti
710 2390 886 2446 discrimina
902 2407 1006 2463 parva,

284 2487 360 2543 dant
373 2487 501 2543 animos.
546 2487 591 2543 At
606 2504 667 2543 non
681 2487 824 2544 viderunt
838 2487 958 2543 moenia
971 2487 1082 2544 Troiae

285 2584 421 2658 Neptuni
436 2585 588 2642 fabricata
602 2602 695 2640 manu
710 2584 868 2641 considere
884 2584 913 2639 in
929 2583 1029 2658 ignis?
1203 2593 1259 2642 145

287 2680 368 2738 ‘Sed
383 2699 450 2752 vos,
466 2698 485 2738 ο
499 2681 581 2751 lecti,
599 2683 681 2738 ferro
695 2678 915 2753 ³qui'scindere
931 2681 1044 2738 vallum

286 2785 414 2853 apparat
428 2785 459 2837 et
473 2797 591 2835 mecum
606 2779 725 2836 invadit
738 2776 940 2853 4trepidantia
955 2780 1079 2837 castra.’

285 2877 356 2934 Non
372 2877 464 2934 armis
478 2877 551 2933 mihi
565 2876 706 2945 Volcani,
725 2894 784 2933 non
800 2876 881 2933 mille
895 2878 1006 2933 carinis

285 2979 333 3031 est
346 2992 423 3047 opus
438 2975 470 3030 in
484 2974 637 3044 Teucr0s3
660 2974 777 3031 addant
792 2992 824 3029 se
840 2977 978 3048 protinus
994 2993 1099 3031 omnes

284 3071 406 3129 Etrusci
422 3055 539 3139 soci0s;
563 3071 705 3127 tenebras
721 3076 752 3127 et
766 3071 875 3126 inertia
890 3071 973 3127 furta
1205 3081 1261 3130 150

255 3231 265 3264 1
277 3233 360 3293 siqua,
373 3232 410 3281 ic.
423 3232 519 3280 fatalia
531 3248 664 3294 responsa.

254 3314 395 3376 ²peccare,
407 3324 451 3365 erc.
487 3315 583 3364 Sensus
602 3322 656 3363 est:
674 3316 696 3364 si
715 3316 795 3364 semel
813 3331 943 3377 peccasse,
957 3323 984 3364 et
1001 3319 1103 3377 peccati
1116 3319 1191 3366 istius
1204 3334 1263 3380 poe·

209 3413 271 3445 nam
284 3397 367 3447 fuisse
379 3399 509 3447 sufficeret
517 3415 523 3457 ;
542 3398 663 3460 profecto
675 3399 785 3461 Trojani
799 3414 889 3447 onmes
907 3398 1019 3446 feminas
1033 3401 1262 3449 vehementissime

210 3481 334 3529 odissent.
370 3481 412 3529 Ita
425 3481 502 3530 diluit
514 3482 715 3542 occupationem
728 3481 854 3542 peccandi
872 3482 1062 3531 consuetudine
1079 3484 1106 3532 in
1125 3484 1262 3546 Trojanis3

211 3570 241 3611 ut
265 3579 330 3624 quos
353 3564 463 3612 exitium
488 3578 564 3612 suum
588 3563 622 3611 ad
643 3563 748 3625 frugem
772 3564 868 3612 bonam
892 3563 1007 3614 formare
1027 3581 1080 3615 non
1099 3566 1264 3615 valuerit.-

210 3646 378 3695 Taunnnnn.

255 3727 267 3759 ⁸
278 3729 331 3790 qui,
342 3745 375 3777 sc.
389 3736 514 3777 vestrum.

255 3809 266 3842 ⁴
277 3810 445 3873 trepidantia,
457 3827 487 3858 as
498 3811 526 3875 if
532 3812 645 3859 turbata
