2817 4300
157 394 198 456 68
340 407 557 454 sumertons
580 407 681 453 raon
704 407 815 453 naum
839 407 1022 453 assuens.

231 563 387 636 Ausonios
401 576 485 645 olim,
502 594 709 651 quaecumque
725 577 857 634 evaserit
871 578 961 633 undis

159 684 216 733 100
231 675 480 748 Dardaniumque
495 675 604 732 ducem
619 674 784 730 Laurentia
798 676 918 731 vexerit
932 693 1017 744 arra,

231 775 389 830 mortalem
404 774 530 846 eripiam
545 775 675 830 formam
689 773 852 848 magnique
867 773 978 829 iubebo

232 874 371 948 aequoris
386 892 454 931 esse
469 875 555 943 deae,
571 873 670 949 qualis
685 874 798 931 Nereia
813 874 895 930 Doto

232 976 263 1029 et
276 971 408 1030 Galatea
423 978 531 1031 secant
545 979 738 1047 spumantem
753 979 876 1049 pectore
891 979 1028 1048 pontum.

231 1069 362 1126 Dixerat
377 1069 466 1144 idque
480 1075 580 1127 ratum
595 1070 694 1146 Stygii
710 1088 764 1145 per
778 1071 901 1127 flumina
916 1069 1029 1137 fratris,

160 1173 215 1222 105
232 1184 284 1240 per
298 1164 378 1240 ¹pioe
394 1168 538 1224 torrentis
553 1173 679 1242 atraque
691 1168 837 1242 voragine
852 1169 934 1240 ripas

232 1263 339 1319 adnuit
353 1269 384 1319 et
399 1268 497 1320 totum
512 1269 587 1321 nutu
602 1265 774 1321 tremefecit
788 1263 961 1340 Olympum.

411 1506 472 1562 The
486 1507 735 1579 metamorphosis
749 1507 787 1580 os
801 1507 847 1562 me
862 1508 954 1580 stirps.

271 1647 354 1723 Ergo
369 1648 477 1704 aderat
490 1648 641 1722 promissa
655 1648 721 1704 dies
737 1654 768 1705 et
782 1653 920 1721 tempora
933 1648 1047 1705 Pareae

231 1746 335 1802 debita
350 1745 550 1818 complerant,
568 1763 636 1802 eum
650 1745 747 1801 Turni
762 1745 872 1801 iniuria
887 1745 1018 1802 Matrem

232 1843 391 1898 admonuit
404 1842 522 1898 ratibus
534 1842 629 1899 sacris
644 1841 796 1915 depellere
811 1843 928 1899 taedae.

159 1946 216 1995 110
231 1939 292 1996 Hic
306 1939 435 2013 primum
449 1957 531 1996 nova
544 1939 597 1995 lux
612 1939 709 1997 oculis
724 1939 840 1996 offulsit
855 1946 886 1997 et
900 1940 1007 2016 ingens

231 2036 316 2094 risus
331 2036 370 2092 ab
385 2038 507 2093 Aurora
521 2037 638 2094 caelum
653 2042 859 2094 transcurrere
875 2037 995 2094 nimbus

231 2129 242 2163 ²
247 2133 392 2207 Idaeique
407 2133 490 2191 chori
502 2153 509 2204 3
532 2139 597 2191 tum
610 2153 673 2192 vox
687 2134 839 2191 horrenda
854 2153 908 2209 per
922 2153 1012 2193 auras

233 2232 349 2289 excidit
363 2238 394 2289 et
407 2233 522 2289 Troum
537 2233 778 2306 Rutulorumque
794 2234 915 2309 agmina
930 2232 1079 2307 complet:

234 2329 301 2386 ‘Ne
317 2331 467 2403 trepidate
482 2348 578 2399 meaS,
594 2329 715 2399 Teucri,
733 2331 898 2387 defendere
913 2331 1001 2388 navis

159 2435 215 2482 115
233 2444 310 2483 neve
326 2432 440 2483 armate
457 2445 582 2483 manusz
604 2427 619 2457 ⁴⁴
629 2428 724 2483 maria
739 2434 809 2484 ante
825 2446 950 2485 exurere
965 2428 1069 2485 Turno

232 2541 323 2597 quam
337 2542 440 2581 sacras
455 2525 576 2581 dabitur
591 2525 691 2598 pinus.
735 2526 800 2581 Vos
815 2524 856 2582 ite
872 2525 1000 2595 solutae,
1034 2545 1037 2553 ·

232 2620 272 2677 ite
288 2622 363 2677 deae
378 2621 497 2697 pelagi:
520 2623 661 2697 genetrix
677 2622 783 2679 iubet’
826 2623 867 2679 Et
882 2641 938 2679 sna
952 2640 1089 2695 quaeque

232 2718 376 2774 continuo
392 2736 509 2792 puppes
525 2719 709 2792 abrumpunt
724 2720 845 2777 rinenla
860 2720 933 2793 ripis

232 2814 467 2887 delphinumque
483 2816 573 2872 modo
588 2817 736 2873 demersis
752 2835 884 2889 aequora
898 2818 1005 2874 rostris

159 2918 217 2968 120
232 2912 292 2967 ima
307 2918 425 2986 petunt.
470 2912 552 2969 Hinc
566 2913 722 2988 virgineae
742 2914 894 2990 (mirabile
909 2916 1092 2986 monstrum)

232 3015 306 3082 quot
321 3011 403 3083 prius
419 3016 541 3066 aeratae
557 3015 707 3067 steterant
721 3011 760 3067 ad
776 3011 865 3068 litora
879 3029 986 3085 prorae

232 3107 363 3163 reddunt
378 3125 410 3163 se
426 3107 553 3164 totidem
568 3108 665 3163 facies
680 3117 835 3181 pontoque
850 3110 997 3165 seruntur.

272 3202 456 3279 Obstipuere
472 3204 580 3261 animis
596 3204 712 3275 Rutuli,
729 3206 912 3263 conterritus
926 3206 991 3279 ipse

231 3302 363 3359 turbatis
378 3303 543 3375 Messapus
558 3303 657 3376 equis,
674 3307 835 3360 cunctatur
849 3311 880 3359 et
895 3303 992 3360 amnis

160 3406 216 3454 125
232 3417 324 3455 rauca
339 3417 453 3455 sonans
468 3404 652 3475 revocatque
667 3400 776 3473 pedem
791 3400 952 3456 Tiberinus
968 3402 1006 3457 ab
1022 3402 1094 3457 alto.

263 3579 296 3627 A.
320 3580 435 3628 Dabitur
447 3581 536 3628 Turno
549 3596 658 3629 exurere
670 3582 755 3629 maria
767 3586 908 3641 antequam
922 3596 1010 3629 sacras
1023 3583 1107 3643 pinus.

333 3728 419 3790 1pice,
429 3729 503 3793 pitelr.

333 3810 344 3842 ²
357 3811 481 3872 Idaeique
494 3813 567 3859 chori
576 3834 601 3854 =
612 3812 785 3874 Corybantes,
795 3813 886 3875 priests
898 3814 929 3875 of
939 3812 1032 3876 Cybele.
