2817 4300
503 747 727 821 VERGIL’S
762 749 944 820 AENEID.

654 946 790 970 ...ηομ-

375 1073 491 1133 BOOK
515 1073 719 1132 IX.—Wan
741 1092 825 1131 wrrn
847 1093 909 1131 000
932 1076 1061 1132 Rurunr.

397 1223 458 1280 Iris
472 1223 574 1298 brinqs
588 1221 701 1281 Juuo’s
716 1238 849 1295 nueasupe
863 1229 892 1278 to
911 1223 1041 1279 Turnus.

248 1339 360 1406 Arous
375 1334 426 1394 ¹ea
441 1337 563 1394 diversa
578 1336 699 1411 penitus
715 1336 787 1392 dum
802 1341 888 1410 parte
902 1343 1059 1411 geruntur,

249 1436 322 1492 Irim
337 1435 374 1492 de
390 1434 475 1492 00010
489 1433 572 1490 misit
587 1433 733 1491 Saturnia
746 1433 825 1490 Iuno

249 1533 394 1590 audacem
410 1533 450 1588 ad
464 1531 611 1587 Turnum.
656 1530 741 1587 Luoo
756 1536 819 1587 tum
835 1531 916 1589 forte
931 1533 1066 1606 parentis

249 1629 381 1686 Pilumni
396 1629 519 1685 Turnus
534 1633 657 1686 saerata
670 1627 751 1685 valle
766 1629 904 1686 sedebat.

216 1735 233 1783 5
248 1727 300 1784 Ad
315 1744 404 1800 quem
420 1727 464 1783 sio
478 1743 568 1784 roseo
583 1722 820 1783 ²Thaumantias
835 1744 886 1783 ore
901 1726 1003 1784 locuta
1019 1732 1083 1784 est:

252 1828 259 1856 ‘
273 1824 404 1893 Turne&
418 1824 501 1896 quod
515 1823 635 1897 optanti
649 1823 754 1880 divom
769 1823 945 1896 promittere
960 1842 1048 1881 nemo

249 1921 385 1991 auderet,
402 1921 555 1978 volvenda
570 1921 636 1978 dies
651 1939 689 1978 en
704 1921 809 1977 attulit
823 1921 914 1978 ultro.

251 2019 374 2075 Aeneas
389 2019 463 2075 urbe
475 2023 510 2076 et
524 2018 616 2075 sociis
632 2023 663 2075 et
677 2017 776 2075 olasse
791 2018 896 2075 relicta

251 2122 372 2191 sceptra
385 2115 519 2174 Palatini
535 2117 698 2189 sedemque
714 2116 792 2191 petit
806 2116 953 2174 Euandri.

198 2221 234 2270 10
249 2213 280 2269 N
282 2232 316 2271 eo
331 2214 425 2271 satis:
450 2219 604 2271 extremas
620 2213 748 2290 Corythi
762 2215 934 2289 penetravit
948 2215 988 2271 ad
1003 2215 1092 2272 urbes

250 2310 463 2386 Lydorumque
478 2330 602 2368 manum
617 2312 762 2370 collectos
777 2317 876 2368 armat
890 2312 1031 2387 agrestis.

250 2406 331 2479 Quid
346 2408 489 2467 dubitas?
531 2409 622 2466 Nune
636 2414 758 2483 tempus
769 2426 876 2482 equos,
892 2426 973 2467 0000
988 2427 1112 2483 poscere
1132 2427 1247 2467 ourrus.

251 2506 369 2579 Rumpe
383 2524 485 2563 moras
500 2506 599 2563 omnis
614 2511 647 2563 et
660 2507 784 2588 turbata
799 2506 898 2579 arripe
913 2506 1036 2563 eastra)

250 2603 340 2660 Dixit
355 2603 431 2661 etin
447 2604 564 2661 eaelum
579 2603 703 2677 paribus
720 2621 752 2660 se
768 2604 892 2660 sustulit
906 2604 962 2661 alis

199 2706 234 2754 15
250 2699 465 2775 ingentemque
481 2701 557 2775 fuga
572 2699 670 2757 secuit
685 2700 742 2756 sub
757 2700 889 2756 nubibus
905 2718 1019 2757 areum.

500 2866 621 2921 Turnus
635 2865 736 2935 heure,
754 2867 817 2921 arrd
827 2866 943 2938 replies.

253 2979 392 3055 Agnovit
406 2979 525 3037 iuvenis
540 2978 730 3053 duplicisque
745 2979 785 3036 ad
800 2979 901 3036 sidera
915 2979 1033 3053 palmas

251 3076 384 3146 sustulit,
402 3094 437 3133 00
452 3076 506 3133 tali
521 3076 691 3151 fugientem
706 3081 755 3133 est
768 3093 843 3133 voce
859 3083 999 3134 secutus:

252 3175 325 3241 ‘Iri
343 3174 436 3231 decus
451 3173 539 3243 caeli,
553 3173 621 3247 quis
636 3179 666 3230 te
681 3174 754 3229 mihi
769 3174 900 3230 nubibus
916 3179 1015 3231 aotam

251 3271 360 3331 detulit
375 3269 406 3327 in
421 3270 539 3328 terras?
580 3271 670 3330 Unde
685 3271 761 3328 haee
776 3276 839 3327 tam
854 3271 937 3329 clara
950 3275 1075 3345 repente

240 3422 272 3471 A.
296 3418 332 3468 Id
354 3420 425 3481 quod
445 3434 522 3469 nemo
540 3419 630 3467 divom
647 3419 757 3467 auderet
774 3420 927 3481 promittere
945 3419 1048 3481 optanti
1065 3434 1099 3467 en
1116 3419 1247 3468 volvenda

196 3503 250 3553 dies
262 3503 333 3572 ultro
346 3503 437 3551 attulit
449 3502 500 3551 tibi.

240 3618 249 3651 1
263 3634 294 3667 00
308 3657 313 3667 .
327 3658 332 3668 .
346 3656 352 3668 .
365 3618 469 3666 diversa
482 3624 565 3679 partu,
577 3616 613 3664 lie
626 3626 704 3666 euents
716 3625 743 3665 ut
755 3617 895 3667 Euander's
908 3626 974 3666 court
989 3617 1083 3666 related
1100 3619 1125 3666 in
1142 3617 1179 3666 the
1193 3633 1248 3682 pre-

196 3700 283 3764 0001109
296 3700 361 3749 took.

240 3782 251 3817 ²
262 3783 462 3844 Thaumantias,
474 3780 534 3842 Iris,
547 3781 583 3831 ue
596 3782 714 3847 dauqkter
726 3783 757 3846 of
766 3780 790 3829 Τ
790 3781 900 3831 laumas.
