2817 4300
165 387 229 452 158
340 405 562 452 sunncrrous
585 405 691 452 raom
715 404 829 451 murm
853 405 1041 451 auruoas.

166 575 251 644 mini,
267 593 369 649 quam,
386 576 521 632 virorum
541 593 624 632 more
639 580 825 650 pugnantes,
842 579 999 644 cruentam
1014 580 1104 647 atque
1119 575 1220 634 luctu·

165 690 251 729 osam
265 673 424 729 victoriam
439 672 580 729 hostibus
594 671 785 744 relinquatis.

474 867 524 922 44.
555 867 626 922 Tua
648 865 906 924 Cnnmor-Racn.

245 981 356 1037 Nonne
371 980 469 1049 rides,
486 997 577 1052 quum
593 981 753 1054 praecipiti
768 981 931 1037 certamine
947 998 1087 1055 campum

245 1075 436 1150 Corripuere,
453 1082 604 1149 ruuntque
620 1078 707 1132 effusi
723 1094 843 1133 carcere
859 1095 975 1146 curruS,

245 1173 345 1247 Quum
360 1191 431 1248 spes
447 1179 583 1231 arrectae
597 1175 755 1247 juvenum,
773 1173 1019 1248 exsultantiaque
1033 1175 1134 1232 haurit

245 1271 346 1329 Corda
362 1288 457 1345 pavor
471 1270 616 1346 pulsans3
640 1271 682 1328 illi
698 1272 815 1328 instant
830 1271 955 1328 verbere
970 1276 1062 1342 torto,

245 1370 285 1426 Et
299 1371 386 1443 proni
400 1369 477 1426 dant
490 1368 573 1437 lora3
596 1369 682 1426 volat
695 1369 725 1426 vi
741 1368 878 1426 fervidus
891 1370 958 1426 axis
970 1387 977 1438 3

243 1467 374 1539 Jamque
388 1466 517 1523 humiles
532 1468 654 1540 jamque
669 1466 742 1523 elati
758 1466 885 1523 sublime
900 1467 1042 1524 videntur

243 1564 327 1620 Aera
343 1582 397 1638 per
412 1581 540 1620 vacuum
555 1563 640 1631 ferri,
658 1569 748 1637 atque
764 1565 970 1640 assurgerem
986 1582 1093 1632 auras3

244 1661 311 1718 Nec
325 1679 420 1729 mora,
438 1679 494 1718 nec
508 1661 647 1734 requies3
670 1668 703 1717 at
717 1661 821 1718 fulvae
836 1661 956 1718 nimbus
972 1679 1081 1718 arenae

243 1748 391 1825 Tollitur3
414 1759 596 1814 humescunt
611 1759 727 1831 spumis
742 1758 875 1830 flatuque
890 1765 1088 1830 sequentum:

244 1855 362 1910 Tantus
378 1872 462 1910 amor
476 1854 612 1921 laudum,
629 1860 734 1911 tantae
750 1860 797 1911 est
812 1855 940 1911 victoria
955 1873 1054 1912 curae.

412 2049 461 2103 45.
493 2049 564 2104 Tua
586 2049 699 2104 Dunrrr
722 2065 760 2105 or
782 2049 967 2106 Tnseurrus.

203 2164 280 2220 Erat
293 2163 325 2219 iu
340 2161 525 2219 Carnutibus
540 2180 658 2218 summo
673 2162 742 2219 loco
756 2168 847 2219 natus
863 2164 1038 2238 Tasgetius,
1052 2165 1137 2237 cujus
1152 2180 1216 2219 ma·

162 2261 245 2333 jores
266 2260 298 2316 iu
316 2277 372 2316 sua
393 2258 518 2316 civitate
540 2277 666 2334 regnum
682 2260 890 2316 obtinuerant,
936 2260 1016 2317 Huic
1030 2258 1146 2317 Caesar
1159 2276 1215 2334 pro

162 2358 230 2430 ejus
245 2357 356 2413 virtute
373 2363 463 2428 atque
478 2356 509 2412 in
525 2374 557 2413 se
573 2356 798 2425 benevolentia,
815 2357 896 2429 quod
919 2356 949 2413 in
972 2356 1112 2413 omnibus
1126 2356 1215 2413 bellis

163 2453 308 2529 singulari
323 2455 391 2526 ejus
406 2471 500 2527 opera
514 2454 614 2510 fuerat
635 2471 720 2521 usus,
737 2456 884 2527 majorum
906 2454 1006 2511 locum
1027 2454 1213 2510 restituerat.

162 2551 299 2608 Tertium
325 2552 387 2623 jam
411 2552 490 2607 huuc
513 2568 625 2606 anunm
649 2558 828 2625 regnantem
845 2550 958 2607 inimici
983 2550 1095 2624 palam,
1113 2550 1216 2607 multis

162 2648 254 2705 etiam
276 2666 316 2704 ex
337 2648 462 2704 civitate
484 2648 671 2717 auctoribuS,
696 2666 765 2705 eum
793 2648 1023 2705 interfecerunt.
1068 2648 1217 2705 Defertur

162 2763 199 2801 ea
212 2763 262 2801 res
277 2745 316 2801 ad
331 2743 505 2801 Caesarem.
550 2743 606 2800 ille
622 2745 748 2813 veritus,
762 2746 844 2818 quod
859 2746 897 2801 ad
913 2746 1014 2819 plures
1029 2746 1213 2819 pertinebat,

163 2860 200 2899 ne
226 2842 334 2899 civitas
360 2859 463 2897 eornm
490 2840 621 2914 impulsu
646 2842 800 2911 deficeret,
825 2842 951 2899 Lucium
974 2843 1122 2901 Plancum
1147 2861 1215 2899 cum

162 2940 280 3013 legione
296 2957 335 2996 ex
349 2938 457 3014 Belgio
473 2938 611 2995 celeriter
625 2940 655 2994 in
671 2937 821 2996 Carnutes
841 2940 991 3013 proficisci
1012 2940 1100 3012 jubet
1114 2940 1214 3013 ibique
1252 2972 1255 2975 ·

163 3037 294 3093 hiemare
306 3057 314 3107 ;
336 3054 523 3109 quorumque
548 3054 641 3109 opera
662 3036 841 3111 cognoverit
868 3037 1046 3113 Tasgetium
1074 3037 1215 3094 interfec-

163 3142 237 3201 tum,
254 3135 310 3190 hos
325 3134 561 3207 comprehensos
577 3133 615 3189 ad
636 3152 669 3189 se
692 3134 821 3190 mittere.
866 3133 993 3191 Interim
1014 3134 1053 3191 ab
1074 3135 1215 3192 omnibus

162 3231 272 3306 legatis
297 3231 579 3304 quaestoribusque,
605 3231 715 3303 quibus
740 3230 876 3306 legiones
901 3232 1080 3301 tradiderat,
1106 3233 1216 3289 certior

99 3356 103 3367 ·
163 3330 266 3385 factus
289 3333 337 3385 est
357 3328 388 3383 in
410 3327 536 3383 hiberna
552 3333 732 3401 perventum
746 3328 903 3401 locumque
918 3328 1052 3385 hibernis
1068 3347 1135 3386 esse
1151 3347 1214 3385 mu-

164 3426 271 3481 ultum,

318 3573 367 3627 46.
400 3572 560 3627 Lamianus
581 3588 725 3628 naerens
747 3589 831 3628 wrrn
851 3590 913 3628 run
935 3573 1058 3629 Euaur.

204 3686 287 3742 Dum
316 3686 390 3743 haee
418 3703 437 3741 a
464 3683 596 3742 Caesare
625 3691 782 3760 geruntur,
806 3686 924 3742 Treviri
953 3687 1071 3762 magnis
1100 3688 1214 3744 coactis

165 3783 320 3857 peditatus
341 3782 554 3854 equitatusque
576 3782 683 3855 copiis,
709 3781 875 3839 Labienum
897 3800 965 3839 cum
993 3801 1054 3839 una
1082 3784 1212 3859 legione,
