2817 4300
190 364 253 427 200
373 378 588 425 sunnormus
611 378 713 424 raom
736 375 849 424 narni
872 377 1050 425 Aurnoas.

190 550 249 608 deo
262 554 388 607 ventum
403 553 462 618 est,
479 548 612 621 undique
628 547 832 606 ambientibus
847 548 939 605 ramis
954 553 1137 605 contectam.
1182 547 1247 605 Re·

189 665 259 724 gem
274 647 401 722 propius
422 647 586 703 adeuntem
608 644 759 702 maximus
781 653 855 702 natu
877 663 894 702 e
916 645 1126 702 sacerdotibus
1147 644 1247 700 filium

190 745 338 820 appellat,
355 745 413 801 hoc
428 761 539 800 nomen
554 742 597 799 illi
616 749 774 818 parentem
794 743 904 800 lovem
926 743 1052 799 reddere
1074 742 1243 798 affirmans.

190 843 248 901 Ille
273 859 306 900 se
331 859 405 900 vero
430 847 462 899 et
488 839 624 914 accipere
650 840 693 897 ait
719 846 750 896 et
774 857 951 915 agnoscere,
974 841 1124 896 humanae
1149 838 1245 895 sortis

190 940 315 998 oblitus.
373 937 515 997 Consulit
541 937 663 1007 deinde,
694 955 734 994 an
761 937 856 994 totius
885 937 968 994 orbis
996 937 1155 1011 imperium
1184 936 1246 992 sibi

191 1037 360 1096 destinaret
378 1042 476 1112 pater.
520 1035 629 1109 Aeque
651 1035 682 1092 in
704 1034 911 1093 adulationem
932 1036 1131 1110 compositus
1147 1039 1245 1091 terra-

190 1153 258 1192 rum
271 1135 406 1192 omnium
420 1138 570 1191 rectorem
585 1135 652 1191 fore
666 1134 813 1190 ostendit.
851 1134 927 1190 Post
941 1134 1016 1190 haec
1028 1133 1139 1190 institit
1149 1149 1244 1206 quae-

190 1251 268 1303 rere,
285 1250 325 1289 an
344 1249 450 1288 omnes
471 1231 608 1306 parentis
631 1231 678 1287 sui
701 1231 912 1288 interfectores
934 1249 1050 1305 poenas
1071 1231 1241 1288 dedissent.

192 1330 341 1388 Sacerdos
366 1334 524 1403 parentem
548 1329 615 1402 ejus
641 1334 736 1404 negat
758 1329 848 1386 ullius
873 1329 987 1386 scelere
1012 1347 1103 1403 posse
1124 1328 1244 1399 violari,

191 1426 325 1502 Philippi
352 1431 454 1483 autem
481 1443 587 1483 omnes
615 1425 709 1483 luisse
738 1425 897 1501 supplicia.
949 1426 1104 1485 Sacrificio
1132 1426 1244 1483 deinde

190 1526 287 1595 facto,
303 1525 385 1582 dona
399 1529 431 1581 et
445 1525 656 1582 sacerdotibus
676 1531 708 1582 et
728 1525 786 1583 deo
807 1526 890 1596 data,
908 1526 1146 1600 permissumque
1169 1524 1244 1580 arni-

192 1623 246 1692 cis,
264 1627 297 1679 ut
311 1621 371 1696 ipsi
386 1639 505 1695 quoque
521 1623 715 1681 consulerent
728 1624 850 1682 lovem.
895 1624 977 1681 Nihil
1000 1623 1129 1698 amplius
1151 1640 1244 1695 quae-

191 1720 339 1791 siverunt,
355 1738 445 1793 quam
462 1739 501 1777 an
517 1728 624 1779 auctor
638 1711 722 1779 esset
736 1721 794 1778 sibi
809 1721 922 1779 divinis
938 1722 1105 1779 honoribus
1119 1713 1244 1778 colendi

191 1835 279 1874 suum
293 1835 407 1894 regem.
451 1819 521 1876 Hoc
535 1836 655 1892 quoque
671 1823 830 1893 acceptum
844 1820 911 1876 fore
925 1820 947 1877 J
948 1819 998 1876 ovi
1012 1825 1099 1876 vates
1115 1835 1245 1891 respon-

191 1915 247 1971 dit.
291 1915 360 1972 Rex
381 1933 421 1973 ex
442 1916 595 1973 Ammone
616 1917 738 1973 rediens
761 1916 853 1992 elegit
874 1917 940 1973 urbi
961 1915 1071 1986 locum,
1088 1916 1140 1972 ubi
1161 1933 1244 1973 nunc

191 2017 239 2069 est
253 2011 455 2082 Alexandria,
472 2013 710 2088 appellationem
725 2015 849 2072 trahens
864 2031 903 2072 ex
918 2013 1039 2071 nomine
1055 2012 1199 2070 auctoris.

574 2257 623 2311 94.
653 2255 865 2313 Annxnunna.

232 2401 375 2459 Decessit
388 2402 569 2459 Alexander
590 2420 725 2460 inensem
747 2421 839 2459 unuin
862 2400 924 2460 tres
945 2409 977 2461 et
997 2404 1122 2479 triginta
1144 2421 1244 2460 annos

192 2503 294 2567 natus,
308 2499 354 2555 vir
369 2516 461 2572 supra
476 2499 639 2555 humanum
652 2500 774 2557 modum
784 2501 815 2557 vi
827 2501 920 2557 animi
932 2503 1097 2573 praeditus.
1131 2499 1245 2559 Omina

191 2596 341 2670 quaedam
356 2596 597 2671 magnitudinem
612 2597 680 2669 ejus
695 2598 725 2653 in
742 2597 810 2671 ipso
831 2602 900 2655 ortu
922 2598 1114 2671 portendisse
1136 2598 1244 2655 existi-

191 2693 363 2750 mabantur.
407 2692 475 2765 Quo
496 2694 544 2751 die
567 2699 657 2751 natus
679 2701 738 2765 est,
755 2701 842 2769 pater
864 2697 932 2768 ejus
954 2695 1093 2753 nuntium
1114 2696 1244 2753 duarum

190 2790 386 2847 victoriarum
401 2791 537 2864 accepit3
561 2791 697 2862 alterius,
714 2792 786 2849 belli
807 2792 933 2868 Illyrici,
950 2792 1086 2863 alterius,
1103 2793 1244 2850 certami-

191 2887 240 2943 nis
261 2886 443 2963 Olympiaci,
463 2888 494 2944 in
516 2890 596 2961 quod
620 2891 785 2966 quadrigas
807 2891 942 2947 miserat.
986 2890 1067 2947 Puer
1087 2890 1243 2947 acerrimis

191 2985 359 3042 litterarum
381 2986 491 3042 studiis
514 2987 651 3043 eruditus
673 2988 744 3045 fuit.
788 2986 909 3046 Exacta
928 2989 1069 3063 pueritia,
1086 3007 1141 3064 per
1155 2990 1243 3063 quin·

191 3083 354 3155 quennium
376 3083 557 3153 Aristotele,
583 3086 764 3160 philosopho
792 3087 1068 3161 praestantissima
1091 3105 1166 3146 usus
1195 3093 1244 3146 est

193 3180 348 3255 magistro.
393 3180 532 3255 Accepto
557 3184 683 3241 tandem
709 3184 835 3258 imperio
861 3190 978 3242 tantam
1004 3186 1150 3244 militibus
1178 3188 1243 3244 suis

191 3277 332 3334 fiduciam
344 3278 429 3343 fecit,
443 3286 487 3347 ut,
502 3278 553 3336 illo
568 3287 740 3353 praesente,
755 3282 867 3341 nullius
883 3283 979 3341 hostis
992 3302 1075 3341 arma
1087 3284 1240 3342 timerent.

191 3374 299 3448 Itaque
323 3392 391 3432 oum
416 3376 498 3433 nullo
520 3378 606 3434 hoste
628 3397 760 3453 unquam
783 3398 966 3456 congressus
987 3388 1046 3447 est,
1070 3399 1159 3454 quern
1181 3400 1243 3440 non

192 3471 316 3539 vicerit3
354 3473 467 3529 nullam
495 3475 601 3531 urbem
629 3476 761 3545 obsedit,
792 3495 884 3551 quarn
917 3497 977 3535 non
1006 3480 1241 3554 expugnaverit.

190 3567 299 3625 Victus
314 3568 444 3642 denique
459 3574 581 3627 estnon
598 3571 711 3630 virtute
726 3574 841 3644 hostili,
858 3576 912 3632 sed
928 3575 1046 3633 insidiis
1067 3593 1190 3663 suorum
1212 3586 1245 3635 et

191 3665 310 3724 fraude.
