2817 4300
537 421 586 467 Du
608 419 725 466 summ
747 419 873 466 CIVILI.

375 665 476 722 Luras
496 665 642 733 Thamna,
666 662 743 721 CAP.
764 661 829 732 CV,
846 662 929 732 CVI,
945 661 1045 720 CVII.

352 827 505 884 Incideats
519 819 630 900 du'rinp
648 824 779 883 Oaesar’s
793 824 871 898 ὅταν
885 827 918 881 ia
932 823 1054 899 Africa.

222 987 287 1047 CV.
312 986 438 1057 Caesar,
465 1005 534 1044 cum
562 987 593 1042 in
621 985 731 1043 Asiam
760 985 907 1054 venisset,
937 986 1109 1060 reperiebat
1136 987 1173 1043 T.

180 1086 327 1160 Ampium
342 1090 485 1142 conatum
500 1101 568 1141 esse
590 1083 736 1158 pecunias
757 1082 864 1140 tollere
885 1083 1010 1156 Epheso
1032 1102 1072 1140 ex
1085 1080 1177 1142 ¹fano

180 1183 300 1240 Dianae
328 1185 455 1256 ejusque
475 1183 518 1238 rei
541 1199 633 1239 causa
655 1187 813 1237 senatores
834 1198 940 1236 omnes
956 1198 995 1237 ex
1017 1182 1175 1254 provincia

180 1297 338 1349 evocasse,
356 1285 389 1336 ut
404 1279 450 1335 his
466 1279 596 1335 testibus
611 1278 643 1334 in
663 1295 781 1334 summa
795 1277 942 1352 pecuniae
956 1282 1104 1347 uteretur,
1122 1279 1177 1334 sed

179 1374 424 1451 ²interpellatum
441 1377 574 1434 adventu
592 1375 734 1433 Caesaris
755 1375 939 1450 profugisse.
984 1374 1034 1431 Ita
1056 1376 1175 1432 duobus
1212 1384 1229 1432 5

180 1475 369 1548 temporibus
404 1474 555 1547 Ephesiae
588 1473 735 1546 pecuniae
766 1470 881 1529 Caesar
914 1471 1061 1528 auxilium
1094 1473 1175 1529 tulit.

181 1571 261 1629 Item
276 1571 440 1628 constabat
452 1568 560 1628 ³Elide
575 1571 606 1627 in
621 1570 735 1644 templo
750 1569 909 1627 Minervae
927 1570 1064 1644 repetitis
1086 1576 1177 1643 atque

181 1669 366 1726 enumeratis
394 1668 514 1738 diebus,
539 1685 600 1740 quo
625 1667 674 1724 die
700 1667 847 1741 proelium
872 1667 1038 1724 secundum
1064 1666 1178 1724 Caesar

181 1767 320 1835 fecisset,
333 1765 528 1822 simulacrum
536 1764 703 1834 Victoriae,
716 1765 798 1838 quod
813 1768 884 1821 ante
899 1765 998 1838 ipsam
1007 1766 1178 1821 Minervam

181 1863 364 1921 collocatum
385 1866 468 1919 essct
488 1867 519 1919 et
540 1867 611 1919 ante
635 1862 675 1918 ad
696 1861 890 1918 simulacrum
911 1862 1070 1918 Minervae
1093 1869 1231 1935 spec-10

182 1961 323 2030 tavisset‚
349 1960 388 2016 ad
421 1956 550 2017 ⁴valvas
585 1977 618 2016 se
647 1959 754 2032 templi
789 1958 940 2032 limenque
975 1959 1176 2016 convertisse.

183 2058 360 2130 Eodemque
384 2057 433 2114 die
454 2056 638 2114 Antiochiae
660 2057 691 2112 in
714 2055 803 2132 Syria
825 2057 873 2112 bis
896 2060 1000 2113 tantus
1026 2059 1179 2114 exercitus

183 2157 296 2232 clamor
324 2160 355 2212 et
382 2155 538 2230 signorum
566 2172 660 2212 sonus
689 2154 853 2211 exauditus
881 2160 939 2222 est,
964 2160 998 2211 ut
1026 2156 1057 2212 in
1085 2156 1179 2212 muris

184 2260 302 2309 armata
313 2253 421 2311 civitas
433 2252 626 2309 discurreret.
664 2253 733 2309 Hoc
745 2252 823 2308 idern
837 2250 1042 2309 ⁵Ptolemaide
1054 2253 1176 2310 accidit.

182 2333 325 2426 Pergami
346 2350 375 2405 in
391 2350 518 2407 occultis
534 2368 570 2407 ac
591 2350 757 2407 reconditis
779 2350 895 2423 templi,
912 2366 972 2422 quo
990 2355 1111 2423 praeter
1131 2369 1180 2407 sa·
1197 2359 1233 2407 15

183 2449 322 2504 cerdotes
345 2448 428 2504 adire
450 2448 500 2503 fas
522 2451 661 2516 nonest,
685 2464 764 2519 quae
786 2445 898 2503 Graeci
915 2447 1010 2503 aduta
1030 2447 1178 2521 apellant,

182 2540 351 2621 ⁶·tympana
368 2550 546 2601 sonuerunt.
590 2544 670 2600 Item
690 2540 865 2600 ⁷Trallibus
887 2544 917 2599 in
939 2544 1054 2617 templo
1075 2546 1180 2602 Victo·
1227 2585 1230 2591 -

184 2642 257 2711 riae,
275 2641 325 2697 ubi
341 2640 481 2697 Caesaris
497 2645 632 2698 statuam
653 2646 919 2709 consecraverant,
936 2641 1037 2715 palma
1051 2660 1106 2715 per
1127 2661 1180 2698 eos

183 2739 249 2796 dies
272 2739 349 2796 inter
370 2734 570 2814 scoagmenta
591 2738 728 2812 lapidum
749 2756 788 2794 ex
807 2734 1001 2812 ⁹paviment0
1022 2740 1180 2796 exstitisse

184 2837 413 2893 ostendebatur.
1196 2844 1234 2894 20
1303 2827 1307 2833 ⁴

191 2992 194 2997 ,
225 2932 306 2991 CVI.
332 2931 446 2989 Caesar
461 2950 574 3007 paucos
589 2932 655 2989 dies
670 2932 701 2988 in
716 2932 795 2988 Asia
810 2937 945 2989 moratus
961 2950 1029 2990 eum
1043 2934 1181 2991 audisset

184 3032 362 3103 Pompeium
386 3029 479 3106 Cypri
502 3030 612 3097 risum,
639 3030 819 3101 conjectans
839 3047 907 3085 eum
922 3030 1101 3105 Aegyptum
1123 3032 1181 3087 iter

186 3128 295 3185 babere
316 3132 438 3201 propter
461 3126 700 3183 necessitudines
722 3126 809 3202 regni
829 3127 1021 3199 reliquasque
1036 3130 1101 3200 eJ'us
1122 3127 1181 3184 loci

184 3224 440 3297 opportunitates
465 3241 532 3280 cum
553 3223 673 3299 legione
699 3242 770 3292 una,
790 3241 881 3297 quam
906 3243 938 3280 se
961 3243 1000 3280 ex
1021 3225 1181 3281 Thessalia

184 3321 269 3394 sequi
297 3324 442 3394 jusserat,
469 3325 500 3377 et
528 3320 634 3391 altera,
660 3338 751 3394 quam
779 3339 819 3376 ex
839 3321 959 3377 Achaia
982 3339 1001 3377 a
1029 3320 1066 3393 Q.
1094 3322 1181 3377 Fufio
1197 3330 1233 3378 25

228 3481 237 3513 1
250 3482 322 3542 fano,
334 3498 387 3547 syn.
400 3482 537 3544 templum.
710 3480 904 3542 ⁶Ptoleinaide,
917 3482 966 3546 city
978 3484 1010 3546 os
1016 3482 1151 3532 Pboeaicia.

228 3563 456 3627 2interpellatum,
468 3563 626 3627 interrupled.
709 3563 720 3595 ⁶
732 3570 868 3626 tympana,
880 3563 972 3613 drama

228 3644 335 3707 ⁸Elide,
347 3646 396 3711 city
409 3646 434 3695 in
446 3646 483 3695 tlte
495 3653 593 3694 western
605 3645 676 3695 Pelo
709 3645 874 3706 ⁷Trallibus,
887 3647 935 3710 city
948 3647 980 3710 of
989 3646 1075 3697 Caria.

280 3745 408 3793 poanesus.
711 3728 721 3760 ⁸
734 3736 898 3790 coagmenta,
910 3729 1021 3777 crcoices.

228 3811 238 3843 ⁴
248 3812 349 3871 valvas,
361 3811 439 3859 deors.
710 3810 893 3872 ⁹pavimento‚
903 3819 1038 3873 peremerat.
