2817 4300
548 406 666 454 snosn
687 406 887 453 nxraaors.
1181 389 1242 454 161

189 578 271 636 bello
293 576 542 654 Carthaginiensi
564 577 729 634 amicitiam
757 577 909 646 instituit;
931 595 992 651 quo
1019 583 1156 652 tempore
1181 595 1243 634 ma-

189 677 238 752 gis
260 676 336 732 fide's
358 677 436 748 ejus,
452 691 545 748 quam
566 675 689 731 fortuna
710 675 844 748 petenda
865 679 941 731 erat.
987 673 1121 746 Quorum
1136 693 1245 752 proge-

191 774 270 830 niem
291 790 360 842 vos,
376 773 485 829 Patres
505 771 683 845 conscripti,
700 771 796 828 nolite
818 771 884 846 pati
905 772 1020 828 frustra
1034 789 1052 828 a
1066 771 1154 829 vobis
1169 789 1245 828 aux·

190 871 276 927 ilium
304 875 419 943 petere.
464 868 497 927 si
526 870 566 926 ad
594 869 819 943 impetrandum
847 867 922 924 nihil
950 885 1060 926 causae
1089 869 1243 939 haberem,

192 972 314 1042 praeter
327 966 533 1024 miserandam
543 968 701 1024 fortunam
712 985 719 1034 ;
742 967 824 1040 quod
839 965 943 1040 paullo
958 971 1029 1024 ante
1040 985 1107 1036 rex,
1119 985 1242 1043 genere,

191 1066 276 1122 fama
290 1071 382 1138 atque
398 1064 495 1139 copiis
518 1070 639 1138 potens,
657 1083 738 1121 nunc
759 1065 947 1120 deformatus
962 1064 1126 1134 aerumnis,
1143 1065 1244 1139 inops,

191 1163 306 1220 alienas
321 1179 398 1236 opes
412 1168 560 1235 exspecto
572 1180 579 1230 ;
601 1168 705 1219 tamen
721 1167 786 1218 erat
798 1161 970 1234 majestatis
983 1162 1114 1218 Romani
1128 1162 1243 1236 populi.

192 1260 353 1334 prohibere
381 1259 536 1332 injuriam,
563 1276 661 1332 neque
689 1260 871 1332 cujusquam
905 1276 1034 1334 regnum
1062 1277 1116 1333 per
1146 1259 1260 1317 scelus

192 1362 353 1414 cresceret.
395 1356 512 1413 Verum
525 1373 584 1432 ego
605 1356 652 1412 his
667 1356 778 1412 finibus
793 1358 909 1429 ejectus
930 1373 1008 1424 sum,
1025 1373 1102 1430 quos
1123 1357 1246 1430 maj0ri-

192 1455 249 1511 bus
269 1455 345 1511 meis
362 1453 494 1528 populus
514 1453 672 1510 Romanus
693 1453 798 1522 dedit;
820 1453 901 1510 unde
924 1459 1012 1526 pater
1035 1459 1066 1510 et
1088 1471 1163 1512 avus
1186 1472 1246 1511 una

192 1552 350 1609 vobiscum
378 1551 523 1625 expulere
553 1549 726 1626 Syphacem
754 1555 785 1607 et
813 1549 1087 1626 Carthaginiensis.
1134 1552 1247 1610 Vestra

191 1649 340 1706 beneficia
361 1655 469 1722 erepta
491 1653 574 1717 sunt,
590 1649 698 1704 Patres
720 1647 904 1722 conscripti:
928 1666 984 1705 vos
1006 1649 1035 1704 in
1055 1666 1123 1705 mea
1137 1649 1246 1724 injuria

192 1747 330 1820 despecti
345 1746 432 1802 estis.
476 1746 563 1802 Eheu
578 1763 626 1802 me
645 1745 807 1801 miserum!
831 1745 980 1815 Haecine,
997 1745 1131 1819 Micipsa
1146 1751 1244 1820 pater,

192 1843 341 1901 beneficia
363 1860 500 1911 evasere,
518 1842 574 1911 uti,
590 1859 679 1915 quem
702 1849 736 1898 tu
758 1859 862 1915 parem
880 1859 948 1899 cum
970 1842 1083 1911 liberie,
1101 1845 1246 1919 regnique

193 1939 372 2015 participem
394 1939 509 2010 fecisti,
526 1939 552 1996 is
574 1939 775 2013 potissumum
798 1939 903 2013 stirpis
925 1944 995 1996 tuae
1018 1941 1171 1998 extinctor
1186 1940 1247 1998 sit?

193 2039 398 2112 Nunquamne
423 2055 497 2114 ergo
522 2037 640 2093 familia
665 2042 771 2093 nostra
799 2036 902 2111 quieta
930 2036 1006 2093 crit?
1028 2055 1186 2112 semperne
1216 2039 1245 2095 in

192 2136 353 2212 sanguine,
384 2136 478 2204 ferre,
509 2135 586 2211 iuga
612 2131 822 2192 versabimur?
864 2134 946 2192 Dum
977 2133 1246 2213 Carthaginienses

192 2234 360 2291 incolumes
385 2234 483 2302 fuere,
506 2234 573 2305 jure
595 2232 700 2292 omnia
729 2250 823 2291 saeva
844 2233 1053 2306 patiebamur:
1077 2235 1180 2291 hostes
1206 2235 1245 2291 ab

192 2332 299 2397 latere,
312 2348 369 2388 vos
381 2330 470 2387 amici
479 2329 596 2404 procul,
610 2347 681 2403 spes
696 2330 796 2386 omnia
808 2330 840 2386 in
854 2330 946 2386 armis
958 2335 1034 2387 erat.
1078 2331 1245 2404 Postquam

192 2429 244 2486 illa
259 2429 356 2502 pestis
371 2429 482 2501 ejecta,
498 2427 572 2485 laeti
586 2444 694 2500 pacem
709 2426 919 2502 agitabamus,
941 2429 1054 2502 quippe
1065 2429 1133 2503 quis
1148 2410 1250 2486 hostis

193 2526 305 2594 nullus,
319 2525 378 2583 nisi
393 2526 474 2582 forte
485 2542 575 2598 quem
589 2523 772 2597 jussissetis
807 2524 887 2582 Ecce
902 2530 1005 2581 autem
1016 2544 1056 2582 ex
1066 2526 1244 2601 improvisu,

192 2624 213 2681 J
217 2624 358 2699 ugurtha,
381 2622 574 2680 intoleranda
595 2622 735 2689 audacia,
759 2621 872 2679 scelere
902 2627 992 2696 atque
1014 2623 1156 2697 superbia
1178 2642 1246 2681 sese

194 2724 345 2791 ecferens,
362 2722 456 2777 fratre
471 2737 550 2788 mec,
567 2723 659 2793 atque
674 2720 782 2776 eodem
803 2719 973 2793 propinquo
994 2737 1050 2777 suo
1072 2719 1243 2789 intersect0,

195 2819 323 2893 primum
337 2836 465 2894 regnum
479 2819 544 2890 ejus
559 2816 683 2874 sceleris
698 2817 745 2873 sui
761 2817 904 2890 praedam
921 2816 1013 2873 fecit:
1037 2824 1118 2891 post,
1132 2818 1183 2874 ubi
1198 2836 1245 2875 me

194 2917 289 2974 isdem
306 2916 383 2974 dolis
399 2910 506 2990 nequit
519 2932 639 2989 capere,
657 2913 732 2970 nihil
747 2914 857 2982 minus,
874 2931 965 2988 quam
979 2914 1052 2984 vim,
1066 2920 1120 2971 aut
1133 2915 1245 2973 bellum

195 3019 437 3086 exspectantem,
465 3012 497 3068 in
525 3011 653 3085 imperio
680 3016 796 3081 vestro,
821 3011 911 3067 sicuti
939 3011 1062 3081 videtis,
1092 3018 1245 3069 extorrem

197 3110 306 3182 patria,
323 3111 424 3178 domo,
441 3109 564 3183 inopem
585 3113 617 3165 et
630 3113 809 3181 coopertum
823 3108 953 3165 miseriis
967 3109 1080 3179 effecit,
1097 3114 1131 3166 ut
1145 3110 1245 3167 ubivis

195 3207 303 3276 tutius,
319 3222 410 3280 quam
425 3201 457 3262 in
471 3222 540 3263 meo
554 3222 650 3281 regno
665 3222 775 3263 essem.

415 3385 465 3440 49.
495 3384 567 3439 Tun
588 3383 807 3440 Wnunnnnras
828 3400 868 3441 or
889 3384 1021 3441 AEunns.

228 3473 370 3567 'Aeneas
380 3498 466 3555 filius
481 3497 637 3555 Anchisae
653 3502 685 3554 et
697 3497 838 3566 Veneris,
855 3497 951 3569 Troja
965 3503 1056 3571 capta
1070 3499 1161 3555 domo
1177 3517 1245 3572 pro-

194 3595 298 3669 fugus,
312 3596 410 3669 primo
421 3596 452 3651 in
463 3595 678 3653 Macedoniam
690 3596 785 3652 venit.
815 3594 893 3651 Inde
907 3595 938 3651 in
951 3595 1084 3653 Siciliam
1095 3613 1245 3669 quaerens

194 3694 284 3751 sedes
302 3692 422 3750 delatus
445 3697 503 3749 est.
547 3692 599 3749 Ab
622 3692 728 3749 Sicilia
750 3691 848 3749 classe
871 3693 910 3749 ad
935 3693 1116 3750 Laurentem
1140 3711 1245 3769 agrum

194 3789 363 3866 navigavit.
420 3788 520 3861 Quum
547 3788 674 3861 Trojani
708 3788 752 3845 ibi
780 3789 895 3865 egressi
923 3791 1067 3863 praedam
1096 3808 1135 3847 ex
1163 3792 1246 3867 agris
