2817 4300
540 385 709 449 vuacm's
732 402 867 450 mnam.

402 599 407 605 ’
459 587 548 646 Mure
562 605 742 664 encourages
755 589 801 646 tlte
816 589 960 647 Latione.

292 704 354 762 Hic
367 703 454 760 Mars
469 704 657 778 armipotens
672 703 806 760 animum
822 704 962 778 viresque
977 703 1096 762 Latinis

253 801 371 860 addidit
385 807 416 859 et
430 801 570 858 stimulos
585 801 664 859 acris
679 803 736 858 sub
752 809 874 876 pectore
889 803 982 860 vertit

253 899 436 973 immisitque
451 900 569 974 Fugam
583 900 711 957 Teucris
726 908 884 981 atrumque
898 901 1062 959 Timorem.

253 998 395 1072 Undique
410 998 607 1066 conveniunt,
624 997 766 1071 quoniam
782 998 856 1055 data
871 999 959 1072 copia
974 1016 1094 1075 pugnae
1170 1005 1229 1058 720

251 1095 440 1168 bellatorque
455 1094 556 1151 animo
571 1095 646 1152 deus
662 1094 779 1151 incidit.

294 1257 415 1313 Turnus
428 1258 456 1313 ia
470 1256 539 1312 alant
551 1257 585 1312 in
600 1255 647 1312 tlte
661 1262 750 1325 town,
767 1257 831 1312 aad
844 1257 925 1329 alays
939 1257 1115 1314 Pandarus.

252 1372 411 1428 Pandarus
425 1375 460 1427 ut
475 1371 547 1427 fuso
560 1387 739 1445 germanum
753 1387 879 1444 corpore
894 1371 991 1428 cernit

253 1474 284 1526 et
298 1486 357 1542 quo
372 1469 413 1525 sit
427 1468 552 1524 fortuna
566 1467 645 1536 loce,
662 1468 714 1539 qui
729 1485 818 1524 casus
834 1473 907 1543 agat
922 1486 982 1537 reS,

254 1572 373 1640 portam
386 1565 417 1622 vi
432 1582 543 1640 magna
557 1582 708 1622 converso
722 1566 846 1622 cardine
861 1571 993 1639 torquet,

253 1663 386 1720 obnixus
399 1663 471 1720 latis
485 1662 609 1730 umeris,
625 1661 797 1734 multosque
813 1680 934 1720 suorum

253 1761 411 1818 moenibus
427 1759 569 1817 exclusos
584 1760 660 1816 duro
675 1759 707 1815 in
722 1760 886 1817 certamine
901 1759 1028 1834 linquit3

254 1864 304 1916 ast
317 1857 393 1915 alios
408 1875 511 1914 secum
526 1857 655 1914 includit
669 1857 835 1931 recipitque
850 1858 978 1926 ruentis,

254 1957 391 2025 demens,
407 1956 459 2029 qui
473 1953 618 2012 Rutulum
634 1955 664 2010 in
679 1955 781 2012 medic
796 1973 856 2012 non
872 1956 993 2031 agmine
1008 1973 1109 2032 regem

253 2053 364 2111 viderit
378 2054 601 2126 inrumpentem
615 2051 754 2124 ultroque
770 2052 928 2110 incluserit
942 2053 1019 2122 urbi,
1212 2036 1214 2041 ⁵

254 2152 415 2209 immanem
431 2149 525 2208 veluti
539 2167 651 2224 pecora
665 2149 745 2207 inter
760 2149 869 2208 inertia
884 2149 997 2226 tigrim.
1172 2158 1230 2209 730

254 2249 408 2308 Continuo
422 2267 503 2307 nova
517 2249 571 2305 lux
586 2248 681 2306 oculis
696 2248 823 2319 effulsit,
840 2254 871 2307 et
885 2268 970 2307 arma

254 2345 451 2406 ¹borrendum
467 2364 615 2415 sonuere3
637 2352 771 2404 tremunt
786 2347 816 2403 in
832 2348 946 2405 vertice
961 2348 1071 2406 cristae

255 2446 451 2521 sanguineae,
468 2444 627 2518 clipeoque
643 2444 788 2502 micantia
802 2444 932 2501 fulmina
946 2441 1072 2503 2mittit:

255 2549 426 2620 agnoscunt
439 2543 547 2600 faciem
563 2542 694 2599 invisam
710 2547 801 2615 atque
816 2542 960 2599 immania
975 2544 1110 2600 membra

255 2641 368 2698 turbati
383 2641 485 2698 subito
498 2640 673 2697 Aeneadae.
715 2640 794 2697 Tum
809 2640 969 2697 Pandarus
983 2641 1093 2717 ingens
1172 2648 1229 2699 735

255 2737 365 2797 emicat
378 2743 410 2796 et
424 2738 529 2795 mortis
545 2738 699 2795 fraternae
715 2738 853 2795 fervidus
868 2738 912 2795 ira

256 2838 382 2893 effatur:
407 2835 498 2892 ‘Non
514 2835 588 2891 baec
602 2834 715 2891 dotalis
729 2835 814 2910 regia
827 2832 986 2904 ³Amatae,

255 2951 311 2991 nec
325 2932 419 2989 muris
434 2932 556 2989 cohibet
570 2932 676 3005 patriis
691 2931 792 2989 media
805 2928 927 2989 4Ardea
940 2933 1087 2989 Turnum.

256 3029 366 3089 Castra
380 3030 501 3087 inimica
516 3030 620 3098 vides3
643 3028 727 3087 nulla
741 3030 811 3087 hinc
826 3029 909 3087 exire
924 3030 1086 3103 potestas.'

235 3147 240 3154 ·
254 3127 315 3185 Olli
330 3127 491 3185 subridens
506 3128 614 3184 sedato
629 3133 751 3200 pectore
766 3127 907 3183 Turnus:
1172 3134 1230 3185 740

258 3231 265 3260 ‘
277 3226 393 3299 Incipe,
410 3225 498 3298 siqua
512 3225 614 3281 animo
628 3225 737 3293 virtuS,
754 3229 786 3281 et
799 3241 924 3280 consere
940 3224 1098 3281 dextram·

254 3319 319 3380 ⁵hic
334 3324 424 3379 etiam
441 3321 599 3379 inventum
612 3322 734 3378 Priamo
750 3321 888 3377 narrabis
902 3321 1077 3377 Achillem!

225 3482 235 3516 1
247 3484 415 3543 horrendum,
427 3482 485 3533 adu.

226 3565 236 3593 ²
247 3567 329 3615 mittit
340 3565 385 3614 has
389 3567 435 3630 scr
444 3566 475 3614 its
482 3565 573 3630 subject
584 3565 731 3624 Pandarus,
739 3563 791 3611 and
801 3565 926 3613 micantia
939 3563 1103 3629 lulminafor
1111 3566 1142 3613 its
1149 3566 1232 3629 object.

226 3646 237 3680 ⁸
248 3650 369 3709 Amatae,
381 3647 469 3696 mother
481 3649 512 3712 of
522 3647 639 3696 Lavinia.

226 3730 237 3764 ⁴
249 3732 344 3792 Ardea,
357 3732 406 3796 city
418 3730 491 3795 oftlre
507 3728 597 3779 Rutuli.

226 3812 292 3864 thie
305 3850 310 3863 .
324 3853 330 3864 .
343 3850 349 3863 .
361 3814 503 3873 Achillem,
515 3813 541 3862 in
553 3812 702 3861 accordance
715 3810 770 3860 witlr
782 3810 819 3859 tle
829 3811 942 3874 previous
951 3812 1072 3876 propbecy
1084 3814 1116 3875 of
1128 3811 1232 3876 Sibylla.
