2817 4300
517 393 636 440 sacar
657 392 855 440 nxrancrs.
1148 377 1210 442 221

240 563 379 622 Arcades
395 564 435 622 ad
447 569 553 638 portas
567 582 654 622 ruere
668 569 700 622 et
714 564 752 621 de
767 580 850 621 more
865 567 987 622 vetusto

241 662 385 718 funereas
399 660 526 735 rap'uere
541 663 623 718 faces
635 679 642 730 3
665 661 746 718 lucet
760 661 810 718 via
824 660 917 737 longo

241 758 347 816 ordine
361 759 549 816 flammarum
563 765 594 816 et
607 758 668 816 late
682 758 873 816 discriminat
887 775 987 835 agros.

241 855 355 914 Contra
369 857 459 914 turba
473 857 627 932 Phrygum
641 857 767 915 veniens
781 855 960 932 plangentia
974 856 1071 932 iungit

241 955 373 1030 agmina.
418 953 503 1026 Quae
518 959 681 1028 postquam
695 959 808 1010 matres
824 954 985 1011 succedere
1001 955 1090 1011 tectis

240 1052 393 1121 viderunt,
410 1057 558 1108 maestam
573 1051 741 1108 incendunt
755 1051 937 1113 clamoribus
952 1052 1069 1108 urbem.

240 1149 286 1206 At
299 1167 360 1205 non
376 1149 554 1206 Evandrum
567 1148 650 1223 potis
665 1157 713 1206 est
728 1147 774 1206 vis
789 1149 851 1205 ulla
866 1154 981 1218 tenere,

240 1247 295 1304 sed
309 1247 395 1304 venit
409 1246 440 1303 in
455 1246 582 1303 medica.
626 1246 753 1303 Feretro
767 1246 909 1302 Pallanta
925 1251 1050 1320 'reposto

239 1343 401 1418 procubuit
415 1362 505 1417 super
520 1348 611 1417 atque
626 1344 733 1400 haeret
746 1342 969 1416 lacrimansque
984 1361 1181 1419 gemensque,

241 1446 272 1499 et
285 1442 337 1498 via
351 1441 404 1498 vix
419 1442 543 1498 tandem
558 1441 642 1498 vocis
656 1441 762 1497 laxata
777 1440 879 1497 dolore
895 1446 952 1497 est.

243 1539 346 1596 “Non
363 1539 448 1607 haec,
464 1537 491 1595 Ο
506 1538 603 1607 Palla,
620 1538 749 1595 dederas
764 1538 916 1612 promissa
931 1539 1063 1611 parenti,

240 1636 359 1694 cautius
372 1641 408 1693 ut
421 1653 515 1693 saevo
529 1635 623 1693 relles
637 1640 668 1693 te
683 1636 806 1693 credere
821 1635 914 1692 Marti
928 1653 935 1704 ;

240 1734 321 1790 haud
336 1733 460 1809 ignarus
475 1751 569 1802 cram,
585 1739 734 1806 quantum
748 1751 829 1790 nova
844 1733 940 1808 gloria
955 1733 985 1789 in
1002 1734 1093 1790 armis

240 1836 272 1888 et
285 1831 447 1905 praedulce
462 1831 554 1887 decus
568 1831 667 1904 primo
681 1830 846 1888 certamine
860 1835 977 1904 posset.

202 1957 205 1961 ·
239 1928 397 1986 Primitiae
411 1928 530 1985 iuvenis
545 1929 674 1984 miserae
688 1927 820 2001 bellique
835 1928 997 2002 propinqui

240 2026 317 2084 dura
330 2026 502 2083 rudimenta
517 2029 549 2082 et
563 2025 638 2082 nulli
652 2025 799 2082 exaudita
814 2025 939 2082 deorum

240 2128 314 2182 vota
327 2140 492 2199 precesque
507 2123 611 2181 meae!
654 2123 774 2197 Tuque,
787 2121 814 2180 0
830 2122 1025 2181 sanctissima
1039 2123 1185 2193 coniunx,

241 2222 318 2279 felix
333 2227 430 2279 morte
445 2226 498 2278 tua
512 2238 610 2294 neque
626 2222 656 2277 in
672 2222 751 2278 hunc
766 2226 889 2278 serrata
904 2222 1057 2279 dolorem!

241 2318 356 2377 Contra
371 2338 428 2395 ego
442 2318 574 2376 vivendo
588 2318 648 2376 vici
662 2336 730 2375 mea
745 2320 822 2387 fata,
840 2324 995 2392 superstes

241 2422 389 2475 restarem
402 2422 437 2473 ut
450 2416 580 2491 genitor.
624 2415 739 2473 Troum
757 2416 840 2473 socia
855 2434 938 2472 arma
953 2421 1090 2473 secutum

241 2514 404 2571 obruerent
418 2513 523 2570 Rutuli
538 2511 625 2569 telis!
668 2512 814 2569 Animam
830 2513 895 2587 ipse
910 2513 1063 2571 dedissem

241 2617 332 2685 atque
348 2611 423 2668 haec
436 2628 548 2684 pompa
562 2610 686 2667 domum
700 2628 759 2679 me,
774 2629 834 2667 non
850 2611 1003 2680 Pallanta,
1020 2612 1157 2681 referret,

241 2726 297 2766 nec
313 2726 368 2765 ros
383 2707 545 2783 arguerim,
561 2707 683 2777 Teucri,
700 2724 756 2764 nec
771 2708 894 2765 foedera
908 2726 964 2765 nec
978 2726 1056 2781 quas

241 2805 395 2863 iunximus
409 2804 543 2878 hospitio
557 2804 702 2861 dextras:
727 2822 794 2861 sors
809 2805 869 2861 ista
884 2810 1026 2863 senectae

241 2903 344 2961 debita
358 2907 425 2960 erat
435 2907 568 2960 nostrae.
613 2900 702 2973 Quod
719 2902 745 2959 si
760 2902 920 2959 immatura
934 2903 1079 2960 manebat

241 3018 322 3057 mors
337 3006 454 3068 natum,
471 2999 569 3057 caesis
583 2998 765 3056 Volscorum
780 2999 903 3056 milibus
919 3005 990 3057 ante

241 3098 403 3154 ducentem
417 3096 448 3153 in
464 3097 585 3153 Latium
599 3097 735 3153 Teucros
751 3097 897 3155 cecidisse
912 3096 1040 3154 iuvabit.

242 3194 321 3266 Quin
336 3212 394 3270 ego
409 3212 471 3250 non
485 3193 545 3250 alio
559 3193 667 3269 digner
681 3198 712 3250 te
727 3194 844 3262 funere,
861 3193 958 3263 Palla,

242 3308 333 3364 quam
346 3292 416 3365 pius
430 3291 555 3347 Aeneas
574 3287 622 3367 [et
635 3308 727 3363 quam
742 3290 845 3366 magni
859 3291 997 3367 Phryges
1012 3297 1042 3349 et
1056 3308 1147 3365 quam

241 3388 450 3464 Tyrrhenique
466 3388 570 3456 duces,
586 3387 779 3463 Tyrrhenum
794 3389 947 3445 exercitus
962 3386 1092 3465 omnis].

241 3486 358 3561 Magna
373 3490 498 3558 tropaea
512 3486 627 3553 ierunt,
644 3502 722 3558 quos
737 3486 791 3542 dat
805 3491 858 3542 tua
873 3485 1000 3542 dextera
1016 3486 1107 3542 Leto:

242 3589 275 3640 tn
289 3600 410 3657 quoque
424 3599 506 3639 nunc
520 3587 619 3639 stares
634 3582 775 3639 immanis
791 3588 916 3641 truncus
932 3583 961 3639 in
977 3582 1080 3652 armis,

242 3686 325 3737 esset
337 3697 394 3754 par
408 3685 493 3737 aetas
509 3684 540 3736 et
554 3680 634 3736 idem
649 3679 675 3736 si
690 3680 782 3736 robur
797 3681 836 3737 ab
851 3664 950 3751 annia,

241 3780 355 3835 Turne.
400 3776 461 3836 Sed
475 3775 585 3834 infelix
599 3776 735 3835 Teucros
750 3778 823 3852 quid
837 3778 978 3835 demoror
992 3774 1104 3835 armis?
