<?xml version="1.0" encoding="UTF-8"?>
<!DOCTYPE html PUBLIC "-//W3C//DTD XHTML 1.0 Transitional//EN"
    "http://www.w3.org/TR/xhtml1/DTD/xhtml1-transitional.dtd">
<html xmlns="http://www.w3.org/1999/xhtml" xml:lang="en" lang="en">
 <head>
  <title>
</title>
<meta http-equiv="Content-Type" content="text/html;charset=utf-8" />
  <meta name='ocr-system' content='tesseract 3.04.00' />
  <meta name='ocr-capabilities' content='ocr_page ocr_carea ocr_par ocr_line ocrx_word'/>
</head>
<body>
  <div class='ocr_page' id='page_1' title='image "./selectionsfroml01tomlgoog_0158.png"; bbox 0 0 2817 4300; ppageno 0'>
   <div class='ocr_carea' id='block_1_1' title="bbox 172 378 1033 443">
    <p class='ocr_par' dir='ltr' id='par_1_1' title="bbox 172 378 1033 443">
     <span class='ocr_line' id='line_1_1' title="bbox 172 378 1033 443; baseline 0.002 -4"><span class='ocrx_word' id='word_1_1' title='bbox 172 378 234 439; x_wconf 86' lang='grc'>138</span> <span class='ocrx_word' id='word_1_2' title='bbox 356 394 570 442; x_wconf 79' lang='lat' dir='ltr'>sunncrrors</span> <span class='ocrx_word' id='word_1_3' title='bbox 594 395 696 442; x_wconf 82' lang='lat' dir='ltr'>raon</span> <span class='ocrx_word' id='word_1_4' title='bbox 719 395 830 440; x_wconf 77' lang='lat' dir='ltr'>namn</span> <span class='ocrx_word' id='word_1_5' title='bbox 853 395 1033 443; x_wconf 73' lang='lat' dir='ltr'>nunnons.</span> 
     </span>
    </p>
   </div>
   <div class='ocr_carea' id='block_1_2' title="bbox 170 564 1219 934">
    <p class='ocr_par' dir='ltr' id='par_1_2' title="bbox 170 564 1219 934">
     <span class='ocr_line' id='line_1_2' title="bbox 170 564 1219 650; baseline 0.005 -29"><span class='ocrx_word' id='word_1_6' title='bbox 170 564 352 634; x_wconf 83' lang='lat' dir='ltr'>discessero,</span> <span class='ocrx_word' id='word_1_7' title='bbox 369 582 517 650; x_wconf 71' lang='lat' dir='ltr'>nusquam</span> <span class='ocrx_word' id='word_1_8' title='bbox 533 571 587 622; x_wconf 89' lang='lat' dir='ltr'>aut</span> <span class='ocrx_word' id='word_1_9' title='bbox 601 565 716 622; x_wconf 90' lang='lat' dir='ltr'>nullum</span> <span class='ocrx_word' id='word_1_10' title='bbox 731 566 808 622; x_wconf 84' lang='lat' dir='ltr'>fore.</span> <span class='ocrx_word' id='word_1_11' title='bbox 853 566 919 624; x_wconf 91' lang='lat' dir='ltr'>Nec</span> <span class='ocrx_word' id='word_1_12' title='bbox 934 567 1026 637; x_wconf 89' lang='lat' dir='ltr'>enim,</span> <span class='ocrx_word' id='word_1_13' title='bbox 1043 568 1114 625; x_wconf 89' lang='lat' dir='ltr'>dum</span> <span class='ocrx_word' id='word_1_14' title='bbox 1135 586 1219 626; x_wconf 90' lang='lat' dir='ltr'>eram</span> 
     </span>
     <span class='ocr_line' id='line_1_3' title="bbox 170 661 1218 731; baseline 0.006 -13"><span class='ocrx_word' id='word_1_15' title='bbox 170 661 340 731; x_wconf 85' lang='lat' dir='ltr'>vobiscum,</span> <span class='ocrx_word' id='word_1_16' title='bbox 365 662 495 718; x_wconf 90' lang='lat' dir='ltr'>animum</span> <span class='ocrx_word' id='word_1_17' title='bbox 525 680 624 719; x_wconf 92' lang='lat' dir='ltr'>meum</span> <span class='ocrx_word' id='word_1_18' title='bbox 648 663 810 729; x_wconf 88' lang='lat' dir='ltr'>videbatis,</span> <span class='ocrx_word' id='word_1_19' title='bbox 835 664 889 719; x_wconf 89' lang='lat' dir='ltr'>sed</span> <span class='ocrx_word' id='word_1_20' title='bbox 918 681 987 720; x_wconf 91' lang='lat' dir='ltr'>eum</span> <span class='ocrx_word' id='word_1_21' title='bbox 1015 683 1082 722; x_wconf 90' lang='lat' dir='ltr'>esse</span> <span class='ocrx_word' id='word_1_22' title='bbox 1104 667 1135 722; x_wconf 93' lang='lat' dir='ltr'>in</span> <span class='ocrx_word' id='word_1_23' title='bbox 1161 668 1218 724; x_wconf 90' lang='lat' dir='ltr'>hoc</span> 
     </span>
     <span class='ocr_line' id='line_1_4' title="bbox 171 760 1219 837; baseline 0.003 -20"><span class='ocrx_word' id='word_1_24' title='bbox 171 777 297 834; x_wconf 90' lang='lat' dir='ltr'>corpore</span> <span class='ocrx_word' id='word_1_25' title='bbox 315 779 354 817; x_wconf 89' lang='lat' dir='ltr'>ex</span> <span class='ocrx_word' id='word_1_26' title='bbox 373 760 411 816; x_wconf 91' lang='lat' dir='ltr'>iis</span> <span class='ocrx_word' id='word_1_27' title='bbox 425 761 515 832; x_wconf 86' lang='lat' dir='ltr'>rebus</span> <span class='ocrx_word' id='word_1_28' title='bbox 537 777 613 833; x_wconf 89' lang='lat' dir='ltr'>quas</span> <span class='ocrx_word' id='word_1_29' title='bbox 635 760 777 836; x_wconf 82' lang='lat' dir='ltr'>gerebam</span> <span class='ocrx_word' id='word_1_30' title='bbox 800 760 1034 837; x_wconf 79' lang='lat' dir='ltr'>intellegebatis</span> <span class='ocrx_word' id='word_1_31' title='bbox 1079 762 1219 820; x_wconf 88' lang='lat' dir='ltr'>Eundem</span> 
     </span>
     <span class='ocr_line' id='line_1_5' title="bbox 171 859 967 934; baseline 0.001 -20"><span class='ocrx_word' id='word_1_32' title='bbox 171 859 264 934; x_wconf 88' lang='lat' dir='ltr'>igitur</span> <span class='ocrx_word' id='word_1_33' title='bbox 277 876 345 915; x_wconf 89' lang='lat' dir='ltr'>esse</span> <span class='ocrx_word' id='word_1_34' title='bbox 360 859 519 928; x_wconf 90' lang='lat' dir='ltr'>creditote,</span> <span class='ocrx_word' id='word_1_35' title='bbox 536 859 628 916; x_wconf 91' lang='lat' dir='ltr'>etiam</span> <span class='ocrx_word' id='word_1_36' title='bbox 642 859 668 916; x_wconf 88' lang='lat' dir='ltr'>si</span> <span class='ocrx_word' id='word_1_37' title='bbox 683 859 798 916; x_wconf 89' lang='lat' dir='ltr'>nullum</span> <span class='ocrx_word' id='word_1_38' title='bbox 814 860 967 917; x_wconf 88' lang='lat' dir='ltr'>videbitis.</span> 
     </span>
    </p>
   </div>
   <div class='ocr_carea' id='block_1_3' title="bbox 517 1019 870 1079">
    <p class='ocr_par' dir='ltr' id='par_1_3' title="bbox 517 1019 870 1079">
     <span class='ocr_line' id='line_1_6' title="bbox 517 1019 870 1079; baseline -0.003 -2"><span class='ocrx_word' id='word_1_39' title='bbox 517 1022 546 1077; x_wconf 82' lang='lat'>5.</span> <span class='ocrx_word' id='word_1_40' title='bbox 578 1019 710 1079; x_wconf 78' lang='lat' dir='ltr'>Sorero&#39;s</span> <span class='ocrx_word' id='word_1_41' title='bbox 733 1021 870 1078; x_wconf 68' lang='lat' dir='ltr'>Rausou.</span> 
     </span>
    </p>
   </div>
   <div class='ocr_carea' id='block_1_4' title="bbox 168 1135 1219 1679">
    <p class='ocr_par' dir='ltr' id='par_1_4' title="bbox 168 1135 1219 1679">
     <span class='ocr_line' id='line_1_7' title="bbox 209 1135 1216 1209; baseline 0.003 -19"><span class='ocrx_word' id='word_1_42' title='bbox 209 1135 280 1192; x_wconf 92' lang='lat' dir='ltr'>Duo</span> <span class='ocrx_word' id='word_1_43' title='bbox 294 1135 445 1205; x_wconf 89' lang='lat' dir='ltr'>consules,</span> <span class='ocrx_word' id='word_1_44' title='bbox 462 1152 589 1208; x_wconf 88' lang='lat' dir='ltr'>quorum</span> <span class='ocrx_word' id='word_1_45' title='bbox 605 1135 682 1192; x_wconf 91' lang='lat' dir='ltr'>alter</span> <span class='ocrx_word' id='word_1_46' title='bbox 697 1135 786 1209; x_wconf 91' lang='lat' dir='ltr'>inops</span> <span class='ocrx_word' id='word_1_47' title='bbox 801 1141 867 1192; x_wconf 90' lang='lat' dir='ltr'>erat</span> <span class='ocrx_word' id='word_1_48' title='bbox 882 1135 960 1192; x_wconf 89' lang='lat' dir='ltr'>alter</span> <span class='ocrx_word' id='word_1_49' title='bbox 975 1141 1074 1192; x_wconf 89' lang='lat' dir='ltr'>autem</span> <span class='ocrx_word' id='word_1_50' title='bbox 1093 1154 1216 1206; x_wconf 89' lang='lat' dir='ltr'>avarus,</span> 
     </span>
     <span class='ocr_line' id='line_1_8' title="bbox 169 1232 1218 1309; baseline 0.001 -21"><span class='ocrx_word' id='word_1_51' title='bbox 169 1233 199 1288; x_wconf 92' lang='lat' dir='ltr'>in</span> <span class='ocrx_word' id='word_1_52' title='bbox 216 1238 325 1289; x_wconf 88' lang='lat' dir='ltr'>senatu</span> <span class='ocrx_word' id='word_1_53' title='bbox 340 1233 579 1302; x_wconf 65' lang='lat' dir='ltr'>contendebant,</span> <span class='ocrx_word' id='word_1_54' title='bbox 595 1237 663 1289; x_wconf 90' lang='lat' dir='ltr'>uter</span> <span class='ocrx_word' id='word_1_55' title='bbox 677 1233 708 1288; x_wconf 89' lang='lat' dir='ltr'>in</span> <span class='ocrx_word' id='word_1_56' title='bbox 724 1232 908 1306; x_wconf 85' lang='lat' dir='ltr'>Hispaniam</span> <span class='ocrx_word' id='word_1_57' title='bbox 923 1233 963 1289; x_wconf 87' lang='lat' dir='ltr'>ad</span> <span class='ocrx_word' id='word_1_58' title='bbox 977 1233 1089 1290; x_wconf 89' lang='lat' dir='ltr'>bellum</span> <span class='ocrx_word' id='word_1_59' title='bbox 1110 1251 1218 1309; x_wconf 89' lang='lat' dir='ltr'>geren-</span> 
     </span>
     <span class='ocr_line' id='line_1_9' title="bbox 169 1329 1218 1406; baseline 0.001 -20"><span class='ocrx_word' id='word_1_60' title='bbox 169 1329 241 1386; x_wconf 91' lang='lat' dir='ltr'>dum</span> <span class='ocrx_word' id='word_1_61' title='bbox 255 1330 422 1387; x_wconf 88' lang='lat' dir='ltr'>mittendus</span> <span class='ocrx_word' id='word_1_62' title='bbox 440 1336 532 1387; x_wconf 88' lang='lat' dir='ltr'>esset.</span> <span class='ocrx_word' id='word_1_63' title='bbox 577 1330 653 1386; x_wconf 93' lang='lat' dir='ltr'>Inde</span> <span class='ocrx_word' id='word_1_64' title='bbox 673 1348 786 1406; x_wconf 85' lang='lat' dir='ltr'>magna</span> <span class='ocrx_word' id='word_1_65' title='bbox 808 1330 886 1387; x_wconf 89' lang='lat' dir='ltr'>inter</span> <span class='ocrx_word' id='word_1_66' title='bbox 901 1335 1003 1404; x_wconf 86' lang='lat' dir='ltr'>patres</span> <span class='ocrx_word' id='word_1_67' title='bbox 1025 1330 1218 1388; x_wconf 83' lang='lat' dir='ltr'>dissensione</span> 
     </span>
     <span class='ocr_line' id='line_1_10' title="bbox 168 1427 1217 1503; baseline 0.002 -20"><span class='ocrx_word' id='word_1_68' title='bbox 168 1433 248 1496; x_wconf 89' lang='lat' dir='ltr'>orta,</span> <span class='ocrx_word' id='word_1_69' title='bbox 271 1433 396 1503; x_wconf 86' lang='lat' dir='ltr'>rogatus</span> <span class='ocrx_word' id='word_1_70' title='bbox 421 1427 604 1484; x_wconf 84' lang='lat' dir='ltr'>sententiam</span> <span class='ocrx_word' id='word_1_71' title='bbox 634 1427 738 1501; x_wconf 81' lang='lat' dir='ltr'>Scipio</span> <span class='ocrx_word' id='word_1_72' title='bbox 758 1427 969 1484; x_wconf 85' lang='lat' dir='ltr'>Aemilianus:</span> <span class='ocrx_word' id='word_1_73' title='bbox 1001 1433 1022 1461; x_wconf 84' lang='lat'>“</span> <span class='ocrx_word' id='word_1_74' title='bbox 1036 1428 1217 1501; x_wconf 82' lang='lat' dir='ltr'>Equidem‚&#39;’</span> 
     </span>
     <span class='ocr_line' id='line_1_11' title="bbox 169 1523 1219 1598; baseline 0 -18"><span class='ocrx_word' id='word_1_75' title='bbox 169 1523 278 1597; x_wconf 90' lang='lat' dir='ltr'>inquit,</span> <span class='ocrx_word' id='word_1_76' title='bbox 297 1529 469 1581; x_wconf 85' lang='lat' dir='ltr'>“neutrum</span> <span class='ocrx_word' id='word_1_77' title='bbox 493 1524 570 1581; x_wconf 89' lang='lat' dir='ltr'>mitti</span> <span class='ocrx_word' id='word_1_78' title='bbox 592 1541 714 1593; x_wconf 81' lang='lat' dir='ltr'>censae,</span> <span class='ocrx_word' id='word_1_79' title='bbox 732 1524 802 1598; x_wconf 83' lang='lat' dir='ltr'>quia</span> <span class='ocrx_word' id='word_1_80' title='bbox 824 1524 900 1580; x_wconf 89' lang='lat' dir='ltr'>alter</span> <span class='ocrx_word' id='word_1_81' title='bbox 915 1524 988 1580; x_wconf 94' lang='lat' dir='ltr'>nihil</span> <span class='ocrx_word' id='word_1_82' title='bbox 1010 1525 1113 1595; x_wconf 90' lang='lat' dir='ltr'>habet,</span> <span class='ocrx_word' id='word_1_83' title='bbox 1130 1525 1219 1583; x_wconf 88' lang='lat' dir='ltr'>alteri</span> 
     </span>
     <span class='ocr_line' id='line_1_12' title="bbox 168 1621 429 1679; baseline 0.004 -2"><span class='ocrx_word' id='word_1_84' title='bbox 168 1621 244 1678; x_wconf 91' lang='lat' dir='ltr'>nihil</span> <span class='ocrx_word' id='word_1_85' title='bbox 258 1629 306 1679; x_wconf 88' lang='lat' dir='ltr'>est</span> <span class='ocrx_word' id='word_1_86' title='bbox 319 1622 429 1678; x_wconf 88' lang='lat' dir='ltr'>satis.”</span> 
     </span>
    </p>
   </div>
   <div class='ocr_carea' id='block_1_5' title="bbox 410 1762 968 1820">
    <p class='ocr_par' dir='ltr' id='par_1_5' title="bbox 410 1762 968 1820">
     <span class='ocr_line' id='line_1_13' title="bbox 410 1762 968 1820; baseline -0.002 -1"><span class='ocrx_word' id='word_1_87' title='bbox 410 1765 439 1819; x_wconf 89' lang='lat'>6.</span> <span class='ocrx_word' id='word_1_88' title='bbox 470 1763 541 1818; x_wconf 77' lang='lat' dir='ltr'>Tne</span> <span class='ocrx_word' id='word_1_89' title='bbox 562 1762 693 1820; x_wconf 75' lang='lat' dir='ltr'>Wonsu</span> <span class='ocrx_word' id='word_1_90' title='bbox 714 1779 779 1818; x_wconf 74' lang='lat' dir='ltr'>nun</span> <span class='ocrx_word' id='word_1_91' title='bbox 800 1779 865 1818; x_wconf 80' lang='lat' dir='ltr'>nna</span> <span class='ocrx_word' id='word_1_92' title='bbox 885 1763 968 1818; x_wconf 77' lang='lat' dir='ltr'>Han.</span> 
     </span>
    </p>
   </div>
   <div class='ocr_carea' id='block_1_6' title="bbox 169 1876 1218 2147">
    <p class='ocr_par' dir='ltr' id='par_1_6' title="bbox 169 1876 1218 2147">
     <span class='ocr_line' id='line_1_14' title="bbox 208 1876 1217 1951; baseline 0.002 -19"><span class='ocrx_word' id='word_1_93' title='bbox 208 1876 321 1933; x_wconf 89' lang='lat' dir='ltr'>Mulier</span> <span class='ocrx_word' id='word_1_94' title='bbox 335 1877 485 1950; x_wconf 89' lang='lat' dir='ltr'>quaedam</span> <span class='ocrx_word' id='word_1_95' title='bbox 505 1876 639 1933; x_wconf 91' lang='lat' dir='ltr'>habebat</span> <span class='ocrx_word' id='word_1_96' title='bbox 659 1876 816 1951; x_wconf 86' lang='lat' dir='ltr'>gallinam,</span> <span class='ocrx_word' id='word_1_97' title='bbox 832 1893 910 1948; x_wconf 89' lang='lat' dir='ltr'>quae</span> <span class='ocrx_word' id='word_1_98' title='bbox 925 1877 952 1932; x_wconf 90' lang='lat' dir='ltr'>ei</span> <span class='ocrx_word' id='word_1_99' title='bbox 970 1877 1104 1949; x_wconf 79' lang='lat' dir='ltr'>quotidie</span> <span class='ocrx_word' id='word_1_100' title='bbox 1126 1894 1217 1934; x_wconf 85' lang='lat' dir='ltr'>ovum</span> 
     </span>
     <span class='ocr_line' id='line_1_15' title="bbox 169 1973 1218 2048; baseline 0 -18"><span class='ocrx_word' id='word_1_101' title='bbox 169 1974 309 2047; x_wconf 90' lang='lat' dir='ltr'>pariebat</span> <span class='ocrx_word' id='word_1_102' title='bbox 323 1992 457 2030; x_wconf 90' lang='lat' dir='ltr'>aureum.</span> <span class='ocrx_word' id='word_1_103' title='bbox 502 1974 584 2031; x_wconf 90' lang='lat' dir='ltr'>Hinc</span> <span class='ocrx_word' id='word_1_104' title='bbox 599 1973 749 2047; x_wconf 90' lang='lat' dir='ltr'>suspicari</span> <span class='ocrx_word' id='word_1_105' title='bbox 763 1974 876 2048; x_wconf 90' lang='lat' dir='ltr'>coepit,</span> <span class='ocrx_word' id='word_1_106' title='bbox 893 1973 975 2030; x_wconf 91' lang='lat' dir='ltr'>illam</span> <span class='ocrx_word' id='word_1_107' title='bbox 997 1974 1062 2030; x_wconf 86' lang='lat' dir='ltr'>auri</span> <span class='ocrx_word' id='word_1_108' title='bbox 1083 1992 1218 2031; x_wconf 87' lang='lat' dir='ltr'>massam</span> 
     </span>
     <span class='ocr_line' id='line_1_16' title="bbox 169 2070 1217 2147; baseline 0 -19"><span class='ocrx_word' id='word_1_109' title='bbox 169 2070 278 2141; x_wconf 90' lang='lat' dir='ltr'>celare,</span> <span class='ocrx_word' id='word_1_110' title='bbox 295 2077 326 2128; x_wconf 88' lang='lat' dir='ltr'>et</span> <span class='ocrx_word' id='word_1_111' title='bbox 340 2071 485 2147; x_wconf 86' lang='lat' dir='ltr'>gallinam</span> <span class='ocrx_word' id='word_1_112' title='bbox 500 2071 622 2129; x_wconf 89' lang='lat' dir='ltr'>occidit.</span> <span class='ocrx_word' id='word_1_113' title='bbox 661 2071 722 2130; x_wconf 84' lang='lat' dir='ltr'>Sed</span> <span class='ocrx_word' id='word_1_114' title='bbox 738 2071 812 2127; x_wconf 92' lang='lat' dir='ltr'>nihil</span> <span class='ocrx_word' id='word_1_115' title='bbox 826 2071 857 2126; x_wconf 92' lang='lat' dir='ltr'>in</span> <span class='ocrx_word' id='word_1_116' title='bbox 873 2089 909 2128; x_wconf 88' lang='lat' dir='ltr'>ea</span> <span class='ocrx_word' id='word_1_117' title='bbox 923 2072 1045 2146; x_wconf 89' lang='lat' dir='ltr'>reperit,</span> <span class='ocrx_word' id='word_1_118' title='bbox 1062 2072 1121 2128; x_wconf 90' lang='lat' dir='ltr'>nisi</span> <span class='ocrx_word' id='word_1_119' title='bbox 1136 2072 1217 2145; x_wconf 90' lang='lat' dir='ltr'>quod</span> 
     </span>
    </p>
   </div>
   <div class='ocr_carea' id='block_1_7' title="bbox 169 2154 1217 2341">
    <p class='ocr_par' dir='ltr' id='par_1_7' title="bbox 169 2154 1217 2341">
     <span class='ocr_line' id='line_1_17' title="bbox 169 2154 1217 2253; baseline 0.001 -28"><span class='ocrx_word' id='word_1_120' title='bbox 169 2170 200 2226; x_wconf 93' lang='lat' dir='ltr'>in</span> <span class='ocrx_word' id='word_1_121' title='bbox 215 2169 283 2226; x_wconf 89' lang='lat' dir='ltr'>aliis</span> <span class='ocrx_word' id='word_1_122' title='bbox 297 2170 419 2245; x_wconf 89' lang='lat' dir='ltr'>gallinis</span> <span class='ocrx_word' id='word_1_123' title='bbox 434 2154 562 2244; x_wconf 89' lang='lat' dir='ltr'>reperiri</span> <span class='ocrx_word' id='word_1_124' title='bbox 573 2170 662 2228; x_wconf 90' lang='lat' dir='ltr'>solet.</span> <span class='ocrx_word' id='word_1_125' title='bbox 708 2171 817 2243; x_wconf 90' lang='lat' dir='ltr'>Itaque</span> <span class='ocrx_word' id='word_1_126' title='bbox 832 2170 903 2226; x_wconf 91' lang='lat' dir='ltr'>dum</span> <span class='ocrx_word' id='word_1_127' title='bbox 919 2170 1086 2243; x_wconf 87' lang='lat' dir='ltr'>majoribus</span> <span class='ocrx_word' id='word_1_128' title='bbox 1101 2170 1217 2253; x_wconf 87' lang='lat' dir='ltr'>divitiis</span> 
     </span>
     <span class='ocr_line' id='line_1_18' title="bbox 169 2267 732 2341; baseline 0 -18"><span class='ocrx_word' id='word_1_129' title='bbox 169 2267 318 2338; x_wconf 85' lang='lat' dir='ltr'>inhiabat,</span> <span class='ocrx_word' id='word_1_130' title='bbox 335 2268 427 2324; x_wconf 91' lang='lat' dir='ltr'>etiam</span> <span class='ocrx_word' id='word_1_131' title='bbox 442 2268 574 2325; x_wconf 88' lang='lat' dir='ltr'>minores</span> <span class='ocrx_word' id='word_1_132' title='bbox 589 2267 732 2341; x_wconf 83' lang='lat' dir='ltr'>perdidit.</span> 
     </span>
    </p>
   </div>
   <div class='ocr_carea' id='block_1_8' title="bbox 411 2421 972 2485">
    <p class='ocr_par' dir='ltr' id='par_1_8' title="bbox 411 2421 972 2485">
     <span class='ocr_line' id='line_1_19' title="bbox 411 2421 972 2485; baseline 0.002 -1"><span class='ocrx_word' id='word_1_133' title='bbox 411 2430 439 2485; x_wconf 76' lang='lat'>7.</span> <span class='ocrx_word' id='word_1_134' title='bbox 470 2429 541 2485; x_wconf 81' lang='lat' dir='ltr'>Tne</span> <span class='ocrx_word' id='word_1_135' title='bbox 562 2421 652 2485; x_wconf 75' lang='lat' dir='ltr'>Tana</span> <span class='ocrx_word' id='word_1_136' title='bbox 674 2429 752 2484; x_wconf 72' lang='lat' dir='ltr'>Man</span> <span class='ocrx_word' id='word_1_137' title='bbox 773 2445 812 2485; x_wconf 86' lang='lat' dir='ltr'>ro</span> <span class='ocrx_word' id='word_1_138' title='bbox 834 2445 972 2485; x_wconf 76' lang='lat' dir='ltr'>susencr.</span> 
     </span>
    </p>
   </div>
   <div class='ocr_carea' id='block_1_9' title="bbox 155 2541 1217 3105">
    <p class='ocr_par' dir='ltr' id='par_1_9' title="bbox 155 2541 1217 3105">
     <span class='ocr_line' id='line_1_20' title="bbox 209 2541 1217 2619; baseline 0.001 -20"><span class='ocrx_word' id='word_1_139' title='bbox 209 2544 279 2600; x_wconf 90' lang='lat' dir='ltr'>Duo</span> <span class='ocrx_word' id='word_1_140' title='bbox 290 2545 419 2617; x_wconf 87' lang='lat' dir='ltr'>juvenes</span> <span class='ocrx_word' id='word_1_141' title='bbox 432 2541 616 2619; x_wconf 86' lang='lat' dir='ltr'>Syracusani</span> <span class='ocrx_word' id='word_1_142' title='bbox 628 2542 658 2598; x_wconf 92' lang='lat' dir='ltr'>in</span> <span class='ocrx_word' id='word_1_143' title='bbox 668 2542 810 2600; x_wconf 88' lang='lat' dir='ltr'>convivio</span> <span class='ocrx_word' id='word_1_144' title='bbox 821 2542 915 2598; x_wconf 88' lang='lat' dir='ltr'>multa</span> <span class='ocrx_word' id='word_1_145' title='bbox 926 2542 1076 2618; x_wconf 88' lang='lat' dir='ltr'>Dionysio</span> <span class='ocrx_word' id='word_1_146' title='bbox 1085 2547 1217 2618; x_wconf 85' lang='lat' dir='ltr'>tyranno</span> 
     </span>
     <span class='ocr_line' id='line_1_21' title="bbox 169 2640 1215 2711; baseline 0 -14"><span class='ocrx_word' id='word_1_147' title='bbox 169 2640 290 2697; x_wconf 86' lang='lat' dir='ltr'>absenti</span> <span class='ocrx_word' id='word_1_148' title='bbox 305 2640 537 2696; x_wconf 86' lang='lat' dir='ltr'>maledicebant.</span> <span class='ocrx_word' id='word_1_149' title='bbox 583 2640 662 2708; x_wconf 84' lang='lat' dir='ltr'>Rex,</span> <span class='ocrx_word' id='word_1_150' title='bbox 676 2657 815 2695; x_wconf 89' lang='lat' dir='ltr'>sermone</span> <span class='ocrx_word' id='word_1_151' title='bbox 830 2657 934 2696; x_wconf 89' lang='lat' dir='ltr'>eorum</span> <span class='ocrx_word' id='word_1_152' title='bbox 949 2640 1007 2696; x_wconf 90' lang='lat' dir='ltr'>sibi</span> <span class='ocrx_word' id='word_1_153' title='bbox 1023 2640 1173 2711; x_wconf 88' lang='lat' dir='ltr'>nuntiato,</span> <span class='ocrx_word' id='word_1_154' title='bbox 1186 2640 1215 2697; x_wconf 89' lang='lat' dir='ltr'>iu</span> 
     </span>
     <span class='ocr_line' id='line_1_22' title="bbox 169 2729 1217 2811; baseline 0 -17"><span class='ocrx_word' id='word_1_155' title='bbox 169 2729 276 2795; x_wconf 84' lang='lat' dir='ltr'>cenam</span> <span class='ocrx_word' id='word_1_156' title='bbox 305 2737 386 2811; x_wconf 91' lang='lat' dir='ltr'>apud</span> <span class='ocrx_word' id='word_1_157' title='bbox 408 2754 440 2793; x_wconf 90' lang='lat' dir='ltr'>se</span> <span class='ocrx_word' id='word_1_158' title='bbox 466 2737 572 2793; x_wconf 90' lang='lat' dir='ltr'>ambos</span> <span class='ocrx_word' id='word_1_159' title='bbox 593 2736 726 2794; x_wconf 88' lang='lat' dir='ltr'>vocavit.</span> <span class='ocrx_word' id='word_1_160' title='bbox 770 2735 859 2793; x_wconf 84' lang='lat' dir='ltr'>Alter</span> <span class='ocrx_word' id='word_1_161' title='bbox 881 2736 1002 2810; x_wconf 88' lang='lat' dir='ltr'>copiose</span> <span class='ocrx_word' id='word_1_162' title='bbox 1030 2738 1158 2810; x_wconf 89' lang='lat' dir='ltr'>potabat</span> <span class='ocrx_word' id='word_1_163' title='bbox 1186 2744 1217 2794; x_wconf 87' lang='lat' dir='ltr'>et</span> 
     </span>
     <span class='ocr_line' id='line_1_23' title="bbox 168 2833 1215 2909; baseline 0.002 -19"><span class='ocrx_word' id='word_1_164' title='bbox 168 2834 264 2891; x_wconf 88' lang='lat' dir='ltr'>multa</span> <span class='ocrx_word' id='word_1_165' title='bbox 285 2834 476 2907; x_wconf 88' lang='lat' dir='ltr'>loquebatur.</span> <span class='ocrx_word' id='word_1_166' title='bbox 520 2833 621 2903; x_wconf 83' lang='lat' dir='ltr'>Alter,</span> <span class='ocrx_word' id='word_1_167' title='bbox 642 2834 824 2903; x_wconf 88' lang='lat' dir='ltr'>taciturnus,</span> <span class='ocrx_word' id='word_1_168' title='bbox 841 2834 944 2891; x_wconf 89' lang='lat' dir='ltr'>bibere</span> <span class='ocrx_word' id='word_1_169' title='bbox 967 2834 1102 2904; x_wconf 91' lang='lat' dir='ltr'>nolebat,</span> <span class='ocrx_word' id='word_1_170' title='bbox 1119 2852 1215 2909; x_wconf 91' lang='lat' dir='ltr'>neque</span> 
     </span>
     <span class='ocr_line' id='line_1_24' title="bbox 169 2930 1216 3005; baseline 0.001 -17"><span class='ocrx_word' id='word_1_171' title='bbox 169 2931 272 2988; x_wconf 85' lang='lat' dir='ltr'>multis</span> <span class='ocrx_word' id='word_1_172' title='bbox 291 2931 392 2989; x_wconf 82' lang='lat' dir='ltr'>verbis</span> <span class='ocrx_word' id='word_1_173' title='bbox 414 2949 487 2988; x_wconf 90' lang='lat' dir='ltr'>usus</span> <span class='ocrx_word' id='word_1_174' title='bbox 509 2936 566 2989; x_wconf 88' lang='lat' dir='ltr'>est.</span> <span class='ocrx_word' id='word_1_175' title='bbox 611 2930 714 2999; x_wconf 91' lang='lat' dir='ltr'>Illum,</span> <span class='ocrx_word' id='word_1_176' title='bbox 730 2937 766 2988; x_wconf 91' lang='lat' dir='ltr'>ut</span> <span class='ocrx_word' id='word_1_177' title='bbox 786 2931 990 3005; x_wconf 86' lang='lat' dir='ltr'>insipientem,</span> <span class='ocrx_word' id='word_1_178' title='bbox 1007 2933 1122 2989; x_wconf 87' lang='lat' dir='ltr'>dimisit</span> <span class='ocrx_word' id='word_1_179' title='bbox 1142 2932 1216 2990; x_wconf 92' lang='lat' dir='ltr'>Dio·</span> 
     </span>
     <span class='ocr_line' id='line_1_25' title="bbox 155 3028 1143 3105; baseline -0.001 -20"><span class='ocrx_word' id='word_1_180' title='bbox 155 3029 287 3105; x_wconf 83' lang='lat' dir='ltr'>¹nysius,</span> <span class='ocrx_word' id='word_1_181' title='bbox 303 3029 383 3085; x_wconf 89' lang='lat' dir='ltr'>hunc</span> <span class='ocrx_word' id='word_1_182' title='bbox 398 3033 433 3085; x_wconf 90' lang='lat' dir='ltr'>ut</span> <span class='ocrx_word' id='word_1_183' title='bbox 446 3028 596 3086; x_wconf 87' lang='lat' dir='ltr'>difficilem</span> <span class='ocrx_word' id='word_1_184' title='bbox 611 3033 643 3085; x_wconf 87' lang='lat' dir='ltr'>et</span> <span class='ocrx_word' id='word_1_185' title='bbox 657 3028 715 3084; x_wconf 92' lang='lat' dir='ltr'>sibi</span> <span class='ocrx_word' id='word_1_186' title='bbox 730 3028 884 3085; x_wconf 88' lang='lat' dir='ltr'>inimicum</span> <span class='ocrx_word' id='word_1_187' title='bbox 899 3028 1028 3086; x_wconf 90' lang='lat' dir='ltr'>interfici</span> <span class='ocrx_word' id='word_1_188' title='bbox 1041 3029 1143 3102; x_wconf 83' lang='lat' dir='ltr'>jussit.</span> 
     </span>
    </p>
   </div>
   <div class='ocr_carea' id='block_1_10' title="bbox 516 3188 871 3247">
    <p class='ocr_par' dir='ltr' id='par_1_10' title="bbox 516 3188 871 3247">
     <span class='ocr_line' id='line_1_26' title="bbox 516 3188 871 3247; baseline 0 -1"><span class='ocrx_word' id='word_1_189' title='bbox 516 3190 546 3246; x_wconf 87' lang='lat'>8.</span> <span class='ocrx_word' id='word_1_190' title='bbox 579 3188 692 3247; x_wconf 72' lang='lat' dir='ltr'>Cassa</span> <span class='ocrx_word' id='word_1_191' title='bbox 713 3207 747 3246; x_wconf 83' lang='lat' dir='ltr'>ru</span> <span class='ocrx_word' id='word_1_192' title='bbox 768 3188 871 3247; x_wconf 76' lang='lat' dir='ltr'>Gnnr..</span> 
     </span>
    </p>
   </div>
   <div class='ocr_carea' id='block_1_11' title="bbox 168 3303 1218 3863">
    <p class='ocr_par' dir='ltr' id='par_1_11' title="bbox 168 3303 1218 3863">
     <span class='ocr_line' id='line_1_27' title="bbox 209 3303 1215 3378; baseline -0.001 -18"><span class='ocrx_word' id='word_1_193' title='bbox 209 3304 326 3362; x_wconf 89' lang='lat' dir='ltr'>Diebus</span> <span class='ocrx_word' id='word_1_194' title='bbox 355 3305 471 3373; x_wconf 88' lang='lat' dir='ltr'>decem,</span> <span class='ocrx_word' id='word_1_195' title='bbox 494 3304 604 3377; x_wconf 89' lang='lat' dir='ltr'>quibus</span> <span class='ocrx_word' id='word_1_196' title='bbox 633 3303 761 3360; x_wconf 88' lang='lat' dir='ltr'>materia</span> <span class='ocrx_word' id='word_1_197' title='bbox 789 3308 898 3377; x_wconf 89' lang='lat' dir='ltr'>coepta</span> <span class='ocrx_word' id='word_1_198' title='bbox 926 3309 992 3361; x_wconf 89' lang='lat' dir='ltr'>erat</span> <span class='ocrx_word' id='word_1_199' title='bbox 1019 3304 1215 3378; x_wconf 86' lang='lat' dir='ltr'>comportari,</span> 
     </span>
     <span class='ocr_line' id='line_1_28' title="bbox 169 3399 1217 3475; baseline -0.001 -17"><span class='ocrx_word' id='word_1_200' title='bbox 169 3402 251 3458; x_wconf 90' lang='lat' dir='ltr'>omni</span> <span class='ocrx_word' id='word_1_201' title='bbox 263 3419 353 3475; x_wconf 91' lang='lat' dir='ltr'>opere</span> <span class='ocrx_word' id='word_1_202' title='bbox 365 3404 487 3470; x_wconf 85' lang='lat' dir='ltr'>effecto,</span> <span class='ocrx_word' id='word_1_203' title='bbox 499 3400 652 3458; x_wconf 85' lang='lat' dir='ltr'>exercitus</span> <span class='ocrx_word' id='word_1_204' title='bbox 663 3400 880 3458; x_wconf 88' lang='lat' dir='ltr'>transducitur.</span> <span class='ocrx_word' id='word_1_205' title='bbox 915 3399 1040 3469; x_wconf 83' lang='lat' dir='ltr'>Caesar,</span> <span class='ocrx_word' id='word_1_206' title='bbox 1054 3402 1093 3457; x_wconf 89' lang='lat' dir='ltr'>ad</span> <span class='ocrx_word' id='word_1_207' title='bbox 1105 3407 1217 3458; x_wconf 89' lang='lat' dir='ltr'>utram-</span> 
     </span>
     <span class='ocr_line' id='line_1_29' title="bbox 169 3496 1217 3573; baseline -0.001 -18"><span class='ocrx_word' id='word_1_208' title='bbox 169 3518 226 3573; x_wconf 93' lang='lat' dir='ltr'>que</span> <span class='ocrx_word' id='word_1_209' title='bbox 242 3504 360 3573; x_wconf 90' lang='lat' dir='ltr'>partem</span> <span class='ocrx_word' id='word_1_210' title='bbox 374 3498 477 3572; x_wconf 88' lang='lat' dir='ltr'>pontis</span> <span class='ocrx_word' id='word_1_211' title='bbox 492 3498 578 3554; x_wconf 89' lang='lat' dir='ltr'>firmo</span> <span class='ocrx_word' id='word_1_212' title='bbox 598 3498 752 3572; x_wconf 88' lang='lat' dir='ltr'>praesidio</span> <span class='ocrx_word' id='word_1_213' title='bbox 766 3497 882 3566; x_wconf 89' lang='lat' dir='ltr'>relicto,</span> <span class='ocrx_word' id='word_1_214' title='bbox 900 3497 931 3554; x_wconf 93' lang='lat' dir='ltr'>in</span> <span class='ocrx_word' id='word_1_215' title='bbox 945 3499 1021 3555; x_wconf 89' lang='lat' dir='ltr'>fines</span> <span class='ocrx_word' id='word_1_216' title='bbox 1044 3496 1217 3573; x_wconf 83' lang='lat' dir='ltr'>Sigambro-</span> 
     </span>
     <span class='ocr_line' id='line_1_30' title="bbox 168 3596 1217 3671; baseline 0 -18"><span class='ocrx_word' id='word_1_217' title='bbox 168 3615 234 3653; x_wconf 88' lang='lat' dir='ltr'>rum</span> <span class='ocrx_word' id='word_1_218' title='bbox 257 3597 425 3655; x_wconf 87' lang='lat' dir='ltr'>contendit.</span> <span class='ocrx_word' id='word_1_219' title='bbox 469 3596 596 3654; x_wconf 90' lang='lat' dir='ltr'>Interim</span> <span class='ocrx_word' id='word_1_220' title='bbox 618 3613 637 3653; x_wconf 91' lang='lat' dir='ltr'>a</span> <span class='ocrx_word' id='word_1_221' title='bbox 658 3596 865 3671; x_wconf 88' lang='lat' dir='ltr'>compluribus</span> <span class='ocrx_word' id='word_1_222' title='bbox 890 3596 1065 3653; x_wconf 88' lang='lat' dir='ltr'>civitatibus</span> <span class='ocrx_word' id='word_1_223' title='bbox 1088 3597 1217 3654; x_wconf 89' lang='lat' dir='ltr'>adeum</span> 
     </span>
     <span class='ocr_line' id='line_1_31' title="bbox 168 3693 1218 3769; baseline -0.001 -18"><span class='ocrx_word' id='word_1_224' title='bbox 168 3694 261 3769; x_wconf 85' lang='lat' dir='ltr'>legati</span> <span class='ocrx_word' id='word_1_225' title='bbox 275 3694 414 3762; x_wconf 86' lang='lat' dir='ltr'>veniunt,</span> <span class='ocrx_word' id='word_1_226' title='bbox 425 3694 534 3767; x_wconf 91' lang='lat' dir='ltr'>quibus</span> <span class='ocrx_word' id='word_1_227' title='bbox 550 3712 656 3768; x_wconf 88' lang='lat' dir='ltr'>pacem</span> <span class='ocrx_word' id='word_1_228' title='bbox 672 3698 764 3767; x_wconf 90' lang='lat' dir='ltr'>atque</span> <span class='ocrx_word' id='word_1_229' title='bbox 779 3693 943 3751; x_wconf 87' lang='lat' dir='ltr'>amicitiam</span> <span class='ocrx_word' id='word_1_230' title='bbox 954 3694 1129 3769; x_wconf 89' lang='lat' dir='ltr'>petentibus</span> <span class='ocrx_word' id='word_1_231' title='bbox 1144 3693 1218 3751; x_wconf 93' lang='lat' dir='ltr'>libe·</span> 
     </span>
     <span class='ocr_line' id='line_1_32' title="bbox 168 3790 994 3863; baseline -0.001 -17"><span class='ocrx_word' id='word_1_232' title='bbox 168 3790 271 3848; x_wconf 89' lang='lat' dir='ltr'>raliter</span> <span class='ocrx_word' id='word_1_233' title='bbox 285 3791 455 3863; x_wconf 88' lang='lat' dir='ltr'>respondit,</span> <span class='ocrx_word' id='word_1_234' title='bbox 471 3790 655 3863; x_wconf 88' lang='lat' dir='ltr'>obsidesque</span> <span class='ocrx_word' id='word_1_235' title='bbox 671 3791 710 3847; x_wconf 91' lang='lat' dir='ltr'>ad</span> <span class='ocrx_word' id='word_1_236' title='bbox 725 3807 758 3846; x_wconf 88' lang='lat' dir='ltr'>se</span> <span class='ocrx_word' id='word_1_237' title='bbox 773 3790 882 3847; x_wconf 84' lang='lat' dir='ltr'>adduci</span> <span class='ocrx_word' id='word_1_238' title='bbox 898 3790 994 3862; x_wconf 86' lang='lat' dir='ltr'>jubet.</span> 
     </span>
    </p>
   </div>
   <div class='ocr_carea' id='block_1_12' title="bbox 0 0 1414 4300">
    <p class='ocr_par' dir='ltr' id='par_1_12' title="bbox 0 0 1414 4300">
     <span class='ocr_line' id='line_1_33' title="bbox 0 0 1414 4300; baseline 0 0"><span class='ocrx_word' id='word_1_239' title='bbox 0 0 1414 4300; x_wconf 95' lang='lat' dir='ltr'> </span> 
     </span>
    </p>
   </div>
  </div>
 </body>
</html>
