2817 4300
530 387 696 447 vnacm's
719 401 854 446 annm.

241 569 401 630 consilium
415 569 542 625 summis
557 571 642 646 regni
657 571 695 628 de
712 571 802 628 rebus
816 571 981 640 habebant,

241 670 315 744 quid
328 671 467 726 facerent
481 669 588 741 quisve
602 669 727 725 Aeneae
743 668 803 724 iam
819 669 942 725 nuntius
958 674 1050 724 esset.

241 766 334 825 Stant
347 765 447 841 longis
462 765 568 822 adnixi
582 765 691 835 hastis,
709 771 740 823 et
754 770 841 822 scuta
855 769 1006 834 tenenteS‚

241 868 411 922 castrorum
426 868 457 920 et
471 863 571 936 campi
586 863 696 920 medio.
741 864 820 920 Tum
836 862 932 919 Nisus
947 867 978 919 et
992 880 1052 918 una
1158 868 1216 918 230

241 960 393 1036 Euryalus
408 960 573 1018 confestim
588 960 705 1018 alacres
720 957 890 1017 ¹admittier
904 964 1011 1016 orant:

241 1075 304 1114 rem
319 1075 474 1133 magnam,
492 1058 681 1131 pretiumque
696 1075 798 1114 morae
815 1058 892 1114 fore.
936 1056 1056 1112 Primus
1072 1056 1156 1113 Iulus

241 1155 361 1230 accepit
374 1155 511 1228 trepidos
527 1172 563 1212 ac
577 1155 689 1211 Nisum
704 1155 804 1212 dicere
821 1154 919 1211 iussit.

241 1253 321 1309 Tum
335 1253 379 1310 sic
393 1251 597 1328 Hyrtacides:
623 1253 771 1321 ‘Audita
785 1249 813 1308 Ο
828 1251 980 1308 mentibus
996 1252 1111 1324 asquia,

241 1350 419 1420 Aeneadae,
436 1367 514 1406 nevo
528 1350 603 1406 haec
618 1349 731 1405 nostris
746 1355 923 1422 spectentur
937 1349 976 1404 ab
991 1349 1091 1417 annia,
1159 1355 1216 1404 235

242 1464 319 1520 quae
334 1447 472 1504 ferimus.
517 1446 621 1503 Rutuli
637 1463 745 1503 somno
760 1447 891 1519 vinoque
906 1445 997 1503 soluti

242 1544 414 1601 conticuere
427 1562 434 1612 3
457 1543 556 1601 locum
571 1540 706 1600 ²insidiis
722 1543 938 1616 conspeximus
953 1543 1022 1616 ipsi,

241 1641 293 1714 qui
307 1645 394 1714 patet
407 1640 439 1696 in
452 1637 552 1698 ⁸bivio
567 1645 684 1713 portae,
701 1657 779 1713 quae
796 1658 945 1714 proxuma
959 1644 1072 1714 pont03

242 1738 403 1812 interrupti
417 1737 515 1813 ignes,
533 1743 656 1810 aterque
672 1737 712 1793 ad
727 1738 828 1794 sidera
843 1738 943 1794 sumus

242 1835 385 1910 erigitur:
403 1831 446 1890 ⁴si
461 1836 586 1891 fortuna
602 1835 777 1909 permittitis
793 1835 837 1891 uti

241 1933 413 2005 quaesitum
427 1933 557 1989 Aenean
571 1938 603 1989 et
616 1933 738 1989 moenia
751 1931 921 2001 Pallantea,

242 2047 315 2086 mox
330 2029 378 2086 hic
393 2047 462 2086 cum
476 2029 582 2103 spoliis
597 2029 714 2105 ingenti
730 2030 822 2086 caede
838 2035 962 2102 peracta

242 2127 349 2185 adfore
364 2126 506 2185 cernetis.
551 2127 617 2184 Nec
632 2145 688 2184 nos
703 2127 754 2184 via
770 2125 850 2184 fallit
864 2127 982 2184 euntis:

242 2226 373 2282 vidimus
388 2225 526 2282 obscuris
542 2226 670 2298 primam
685 2225 743 2281 sub
758 2225 890 2282 vallibus
905 2226 1009 2281 urbem

241 2327 353 2380 venatu
370 2322 499 2379 adsiduo
515 2327 545 2379 et
559 2329 656 2379 totum
672 2322 872 2398 cognovimus
887 2322 1029 2378 amnem!
1160 2328 1216 2378 245

242 2420 303 2477 Hic
317 2420 407 2476 annis
421 2420 525 2494 gravis
540 2425 631 2493 atoue
647 2420 740 2476 animi
755 2426 891 2476 maturus
907 2419 1032 2476 Aletes:

244 2523 252 2550 ‘
265 2517 305 2573 Di
319 2516 421 2591 patrii,
437 2534 567 2589 quorum
581 2534 701 2590 semper
716 2517 773 2573 'sub
789 2517 911 2572 numine
925 2517 1019 2573 Troia
1034 2521 1092 2586 est,

242 2632 303 2671 non
318 2619 420 2671 tamen
436 2614 561 2670 omnino
574 2614 710 2671 Teucros
725 2614 825 2671 delere
841 2614 968 2688 paratis,

236 2718 311 2768 'cum
325 2712 396 2768 talis
412 2712 530 2767 animos
546 2711 690 2768 iuvenum
705 2717 736 2769 et
751 2716 813 2768 tam
829 2716 913 2768 certa
928 2711 1041 2768 tulistis

241 2809 388 2883 pectora’
418 2808 469 2867 Sic
484 2826 656 2889 memorans
671 2827 792 2865 umeros
807 2810 992 2883 dextrasque
1007 2810 1132 2867 tenebat
1160 2815 1218 2866 250

243 2907 400 2964 amborum
414 2911 446 2963 et
460 2907 577 2963 voltum
590 2906 724 2964 lacrimis
740 2913 830 2981 atque
846 2925 900 2963 ora
914 2907 1045 2982 rigabat.

244 3002 349 3077 ‘Quae
363 3003 464 3073 vobis,
481 3021 559 3077 quae
574 3004 680 3079 digna,
697 3004 766 3073 viri,
783 3022 838 3078 pro
852 3004 994 3061 laudibus
1010 3004 1077 3061 istis

242 3101 378 3175 praemia
392 3119 484 3175 posse
498 3098 584 3158 lrear
598 3100 696 3158 solvi?
738 3101 945 3159 Pulcherrima
961 3102 1090 3176 primurn

242 3197 274 3254 di
287 3216 447 3272 moresque
462 3198 580 3255 dabunt
593 3198 688 3255 vestri
700 3217 706 3267 ;
730 3203 795 3256 tum
809 3205 911 3256 cetera
925 3200 1032 3256 reddet

212 3391 222 3425 1
234 3394 402 3443 admittier:
412 3394 526 3443 admitti.

120 3473 125 3480 “
211 3473 342 3536 ²insidiis,
355 3475 437 3525 dative
449 3492 513 3525 case.

211 3556 313 3618 ⁸bivio,
325 3560 358 3623 cf.
371 3560 412 3607 bis
424 3558 477 3606 aad
488 3559 541 3607 via.

211 3640 256 3690 ⁴si
272 3642 426 3704 permittitis
444 3642 483 3689 uti
501 3640 610 3690 iortuna
624 3679 629 3690 .
643 3680 649 3690 .
662 3679 667 3689 .
680 3643 802 3703 cernetis,
819 3642 881 3691 these
899 3660 941 3691 are
960 3640 996 3690 tle
1019 3644 1087 3691 verbs
1107 3642 1159 3691 and
1182 3642 1218 3691 tle

166 3721 261 3772 clauses
272 3725 304 3788 of
314 3724 361 3772 rtis
373 3731 487 3773 sentence.

210 3804 222 3839 ⁵
233 3822 300 3867 rear,
312 3823 366 3872 syn.
378 3813 480 3869 putare,
492 3806 607 3867 credere,
619 3807 729 3869 opinari.

423 4032 440 4082 l
