2817 4300
176 363 240 426 212
358 378 574 426 snnncrlons
596 379 700 426 FROM
722 378 836 425 LATIN
859 377 1040 425 AUTHORS.

175 548 296 606 delatus
308 553 356 605 est
369 548 559 617 consulatus,
572 549 644 621 quia
658 548 770 605 bellum
780 547 965 605 Cimbricum
981 549 1228 622 protrahebatur.

177 645 238 704 Sed
252 646 284 702 in
298 651 408 719 quarto
422 644 584 702 consulatu
603 644 752 720 collegam
773 645 880 702 habuit
901 644 939 718 Q.
956 645 1113 703 Lutatium
1134 645 1229 704 Catu-

175 742 248 799 lum.
293 741 370 800 Cum
392 740 522 800 Cimbris
544 743 647 816 itaque
669 742 817 813 conflixit,
834 749 866 800 et
886 743 1004 800 duobus
1027 742 1150 817 proeliis
1172 744 1229 800 du-

176 847 265 897 centa
279 839 374 896 millia
388 840 523 896 hostium
537 840 657 910 cecidit,
674 840 833 916 octoginta
854 839 948 897 millia
970 840 1052 914 cepit
1070 845 1101 897 et
1118 841 1229 898 ducem

175 955 280 994 eorum
307 937 532 1007 Teutobodum,
556 937 783 1011 propterquod
812 937 951 994 meritum
980 938 1092 995 absens
1119 937 1228 1011 quinto

175 1035 283 1092 consul
310 1038 359 1092 est
385 1035 497 1092 factus.
550 1035 674 1092 Interea
701 1033 817 1092 Cimbri
845 1039 877 1091 et
904 1035 1071 1104 Teutones,
1098 1052 1228 1108 quorum

175 1133 265 1205 copia
279 1133 378 1189 adhuc
398 1131 518 1189 infinita
539 1136 615 1202 erat,
632 1132 671 1189 ad
693 1131 815 1188 Italiam
837 1131 1033 1189 transierunt.
1077 1133 1193 1189 Iterum
1208 1145 1235 1188 a*

175 1227 211 1286 C.
228 1229 330 1286 Mario
345 1234 376 1286 et
390 1227 428 1302 Q.
442 1227 553 1286 Catulo
567 1234 675 1288 contra
690 1247 743 1300 eos
758 1229 936 1287 dimicatum
950 1234 1008 1299 est,
1022 1229 1076 1286 sed
1091 1247 1109 1285 a
1123 1227 1227 1286 Catuli

175 1331 262 1400 parte
284 1326 413 1384 felicius.
456 1326 539 1384 Nam
567 1327 693 1401 proelio,
717 1327 799 1400 quod
828 1326 918 1384 simul
939 1327 1028 1383 ambo
1051 1331 1224 1402 gesserunt,

174 1429 298 1480 centnm
317 1423 522 1500 quadraginta
543 1423 648 1493 millia,
665 1430 720 1481 aut
740 1425 770 1480 in
789 1441 902 1498 pugna,
919 1423 1017 1480 autin
1032 1425 1118 1499 fuga,
1135 1441 1227 1480 caesa

175 1526 257 1589 surrt,
282 1521 447 1597 sexaginta
467 1522 562 1578 millia
589 1524 690 1596 capta.
719 1521 873 1578 -Romani
899 1520 1011 1578 milites
1036 1538 1076 1578 ex
1098 1526 1226 1595 utroque

174 1618 313 1675 exercitu
333 1618 463 1676 trecenti
484 1618 649 1692 perierunt.
692 1619 767 1675 Tria
784 1623 815 1675 et
836 1618 962 1694 triginta
983 1616 1114 1675 Cimbris
1136 1619 1226 1694 signa

174 1714 296 1772 sublata
310 1719 393 1772 sunt.
438 1715 470 1772 Is
486 1715 557 1772 belli
576 1717 645 1772 finis
663 1716 730 1772 fuit.
775 1715 959 1788 Triumphus
981 1716 1100 1789 utrique
1122 1715 1225 1773 decre-

62 1861 66 1866 ,
174 1817 298 1870 tuaest.

213 1910 308 1967 Anno
337 1910 420 1967 urbis
448 1911 589 1968 conditae
618 1911 843 1968 sexcentesimo
872 1911 1066 1986 sexagesimo
1091 1911 1227 1968 secundo

174 2008 304 2082 primurn
328 2007 443 2064 Rornae
466 2007 578 2064 bellum
602 2007 690 2064 civile
717 2013 900 2065 commotum
925 2013 983 2077 est,
1008 2007 1116 2065 eodem
1144 2025 1227 2064 anno

174 2105 266 2163 etiarn
288 2105 541 2163 Mithridaticum.
586 2103 718 2163 Causam
736 2104 816 2163 bello
838 2104 919 2163 civili
934 2103 967 2163 C.
984 2105 1101 2162 Marius
1123 2105 1225 2162 sexies

174 2202 281 2260 consul
302 2203 397 2260 dedit.
441 2202 523 2259 Nam
540 2220 633 2276 quum
657 2202 742 2260 Sulla
765 2204 871 2261 consul
893 2208 1001 2260 contra
1023 2203 1225 2260 Mithridaten

173 2304 315 2375 gesturus
338 2300 463 2369 bellum,
484 2300 537 2373 qui
558 2300 668 2357 Asiam
691 2305 722 2357 et
744 2300 895 2357 Achaiam
917 2304 1131 2375 occupaverat,
1155 2300 1225 2357 mit·

173 2402 299 2467 teretur,
324 2398 409 2471 isque
431 2398 599 2454 exercitum
621 2397 652 2453 in
674 2396 843 2476 Campania
866 2397 1021 2472 paulisper
1041 2402 1169 2466 teneret,
1190 2402 1226 2455 ut

173 2494 246 2551 belli
274 2495 409 2565 socialis,
433 2495 515 2568 quod
543 2494 623 2551 intra
650 2494 773 2551 Italiam
794 2501 915 2570 gestum
944 2495 1056 2565 fuerat,
1080 2494 1225 2568 reliquiae

173 2592 363 2661 tollerentur,
376 2592 495 2648 Marius
507 2592 674 2661 affectavit,
686 2596 721 2649 ut
732 2592 797 2665 ipse
809 2592 847 2648 ad
859 2592 970 2649 bellurn
982 2592 1225 2649 Mithridaticum

173 2690 354 2747 mitteretur.
399 2688 513 2761 Quare
529 2688 612 2746 Sulla
627 2695 797 2746 commotus
812 2707 880 2746 cum
900 2688 1036 2746 exercitu
1059 2690 1098 2745 ad
1119 2689 1225 2746 urbem

173 2787 267 2844 venit.
313 2786 381 2843 Illic
395 2791 502 2844 contra
515 2786 649 2843 Marium
663 2791 694 2843 et
710 2784 877 2860 Sulpicium
894 2786 1060 2843 dimicavit.
1104 2786 1224 2844 Primus

172 2885 278 2941 urbem
301 2884 430 2941 Romam
452 2888 587 2939 armatus
609 2883 766 2959 ingressus
788 2888 846 2954 est,
871 2882 1037 2957 Sulpicium
1059 2884 1221 2954 interfecit,

172 2982 305 3038 Marium
327 2981 459 3057 fugavit,
477 2986 567 3053 atque
589 2980 643 3049 ita,
665 2980 842 3038 consulibus
863 2980 1012 3038 ordinatis
1034 2980 1224 3038 infuturum

172 3096 286 3135 annum
301 3076 358 3135 Cn.
372 3075 503 3135 Octavio
517 3082 549 3135 et
563 3078 599 3133 L.
611 3076 759 3153 Cornelio,
768 3076 877 3148 Cinna,
891 3078 930 3134 ad
944 3078 1052 3135 Asiam
1065 3079 1224 3152 profectus

172 3180 231 3233 est.
274 3175 471 3232 Mithridates
493 3174 584 3244 enim,
601 3175 653 3248 qui
673 3175 765 3232 Ponti
787 3192 841 3232 rex
863 3181 940 3244 erat,
962 3175 1060 3250 primo
1082 3175 1224 3233 Nicome-

172 3274 242 3343 den,
257 3273 388 3330 amicnm
403 3271 506 3347 populi
522 3272 663 3342 Romani,
680 3272 825 3347 Bithynia
839 3272 936 3329 voluit
955 3272 1118 3347 expellere,
1136 3290 1223 3329 sena-

172 3370 276 3443 tuique
298 3370 468 3440 mandavit,
485 3368 597 3427 bellum
619 3387 652 3426 se
670 3368 698 3426 ei
720 3375 844 3443 propter
859 3369 998 3443 injurias,
1015 3388 1091 3443 quas
1112 3388 1223 3446 passus

171 3468 285 3538 fuerat,
302 3467 467 3525 illaturum.
511 3468 542 3524 A
557 3471 666 3524 senatu
681 3484 861 3541 responsum
877 3473 925 3525 est
943 3467 1127 3537 Mithridati,
1144 3468 1169 3524 si
1192 3468 1223 3524 id

172 3566 300 3635 faceret,
317 3566 384 3622 fore
398 3570 434 3623 nt
447 3564 560 3622 bellum
575 3583 593 3621 a
607 3565 755 3622 Romanis
774 3569 804 3621 et
825 3565 890 3638 ipsc
912 3570 1077 3639 pateretur.
1122 3564 1222 3637 Quare

171 3663 267 3720 iratus
284 3662 511 3737 Cappadociam
527 3662 632 3719 statim
646 3661 819 3735 occupavit,
833 3666 864 3719 et
878 3680 918 3719 ex
930 3680 966 3719 ea
977 3662 1220 3732 Ariobarzanen,

171 3775 275 3835 regem
286 3763 318 3817 et
328 3759 459 3817 amicum
473 3758 578 3832 populi
591 3759 733 3826 Romani,
748 3758 879 3835 fugavit.
916 3760 995 3817 Mox
1009 3759 1102 3817 ctiam
1116 3759 1223 3836 Bithy·
