2817 4300
537 398 654 446 SHORT
676 398 875 447 EXTRACTS.

589 585 655 642 103.
684 585 822 642 Acrrun.

219 718 318 778 Paulo
331 722 404 794 post
416 717 585 786 Antonius,
602 715 762 788 repudiata
777 733 880 773 sorore
895 713 1036 774 Caesaris
1055 714 1229 788 Octaviani,

180 817 387 892 Cleopatram,
403 816 540 892 reginam
554 814 702 890 Aegypti,
719 831 847 871 uxorem
864 813 963 872 duxit.
1006 815 1058 870 Ab
1079 808 1136 872 liac
1157 814 1231 872 inci·

180 920 264 973 tatus
293 915 402 990 iugens
429 912 542 970 bellum
571 911 747 981 commovit,
774 912 846 968 dum
874 910 1037 986 Cleopatra
1065 912 1230 985 cupiditate

180 1012 320 1070 muliebri
348 1015 437 1086 optat
465 1010 581 1067 Romae
609 1027 749 1085 regnare.
806 1009 914 1066 Victus
943 1015 990 1067 est
1019 1010 1058 1066 ab
1087 1010 1232 1084 Augusto

181 1109 282 1167 navali
298 1127 401 1185 pugna
416 1107 499 1166 clara
513 1113 545 1164 et
559 1106 668 1164 illustri
684 1107 766 1181 apud
781 1107 917 1176 Actium,
930 1107 982 1180 qui
996 1107 1082 1164 locus
1093 1107 1125 1163 in
1137 1107 1231 1180 Epiro

181 1212 239 1264 est.
283 1206 366 1264 Hinc
388 1205 470 1282 fugit
491 1205 523 1261 in
543 1205 734 1280 Aegyptum,
756 1209 799 1274 et,
822 1205 993 1279 desperatis
1014 1205 1116 1274 rebuS,
1139 1223 1231 1279 quum

182 1321 287 1361 omnes
302 1304 341 1360 ud
355 1303 532 1379 Augustum
547 1303 725 1373 transirent,
739 1320 772 1359 se
787 1301 853 1376 ipse
868 1303 1031 1382 interemit.
1069 1301 1232 1377 Cleopatra

181 1418 301 1475 quoque
323 1401 462 1474 aspidem
485 1401 543 1456 sibi
566 1400 700 1470 admisit,
720 1406 751 1457 et
772 1419 891 1458 veneno
912 1402 977 1474 ejus
999 1400 1154 1458 exstincta
1175 1405 1231 1458 est.

181 1499 231 1554 Ita
246 1497 335 1555 bellis
349 1504 416 1555 toto
436 1498 511 1555 orbe
533 1497 695 1568 confectis,
712 1495 900 1556 Octavianus
917 1499 1083 1574 ¹Augustus
1103 1498 1231 1555 Romam

181 1595 273 1654 rediit
287 1613 368 1652 anno
383 1595 564 1654 duodecimo
579 1601 742 1670 postquam
756 1595 863 1653 consul
878 1597 990 1654 fuerat.
1038 1597 1084 1653 Ex
1104 1615 1140 1654 co
1162 1596 1233 1654 iude

182 1697 319 1767 tempore
344 1711 407 1750 rem
433 1693 587 1768 publicam
611 1711 665 1768 per
686 1694 889 1770 quadraginta
914 1699 945 1751 et
969 1699 1114 1768 quattuor
1135 1711 1233 1750 annos

182 1790 267 1847 solus
281 1791 425 1848 obtinuit.
468 1791 553 1848 Ante
568 1791 647 1848 euim
663 1791 824 1850 duodecim
845 1791 934 1848 annis
955 1809 1023 1849 cum
1044 1790 1183 1848 Antonio
1202 1795 1235 1848 et

183 1888 300 1962 Lepido
324 1893 476 1946 tenuerat.
520 1889 571 1945 Ita
595 1889 634 1944 ab
659 1887 746 1945 initio
771 1888 960 1962 principatus
984 1890 1050 1962 ejus
1074 1905 1170 1962 usque
1194 1887 1234 1944 ad

182 1985 274 2048 finem
288 1985 512 2061 quinquaginta
526 2003 582 2042 sex
597 1985 670 2041 anui
685 1985 783 2042 fuere.

461 2198 529 2253 104.
560 2198 632 2253 Tnn
653 2198 743 2255 Palu
764 2213 803 2255 or
824 2198 957 2255 Damus.

223 2328 269 2385 At
289 2328 415 2396 Darius,
436 2327 582 2385 nunciata
602 2326 778 2384 Memnonis
799 2332 908 2398 morte,
930 2328 1012 2385 haud
1033 2345 1121 2386 secus
1143 2346 1234 2402 quam

183 2442 239 2499 par
252 2429 329 2494 erat,
342 2429 455 2494 motus,
470 2424 584 2481 omissa
598 2424 681 2481 omui
696 2424 757 2481 alia
772 2442 838 2498 spe,
852 2425 962 2481 statuit
976 2424 1042 2499 ipse
1057 2426 1232 2494 decernere,

182 2521 295 2596 quippe
316 2539 395 2595 quae
417 2539 472 2595 per
492 2522 585 2578 duces
607 2539 680 2578 suos
703 2526 773 2579 acta
797 2528 896 2591 erant,
913 2528 1024 2580 cuncta
1048 2523 1233 2592 damnabat;

182 2623 280 2688 ratus,
303 2619 441 2693 pluribus
463 2636 578 2689 curam,
602 2618 743 2677 omuibus
765 2619 902 2677 abfuisse
924 2621 1092 2677 fortunam.
1135 2620 1235 2696 Igitur

183 2716 293 2773 castris
308 2718 347 2774 ad
362 2716 553 2792 Babylonem
567 2717 687 2791 positis,
705 2734 766 2790 quo
780 2718 896 2790 majore
916 2718 1018 2775 animo
1039 2724 1235 2793 capesserent

182 2812 306 2884 bellum,
323 2815 484 2872 universas
500 2814 581 2871 vires
596 2814 627 2870 in
649 2820 848 2889 conspectum
869 2815 972 2884 dedit;
995 2820 1026 2873 ct
1047 2816 1235 2874 circumdato

183 2910 275 2981 vallo,
291 2912 373 2986 quod
389 2913 495 2971 decem
509 2912 636 2968 millium
651 2917 837 2969 armatorum
852 2912 1077 2970 multitudinem
1099 2919 1232 2987 caperet,

185 3005 303 3067 Xerxis
328 3010 482 3083 exemplo,
505 3026 664 3067 numerum
688 3009 845 3083 copiarum
873 3010 950 3068 iniit.
1008 3008 1085 3068 Orto
1110 3010 1173 3068 sole
1195 3012 1235 3068 ad

183 3114 304 3166 noctem
332 3108 466 3182 agmina,
496 3108 576 3164 sicut
610 3107 765 3183 descripta
790 3114 898 3195 erant,
928 3108 1079 3166 intravere
1107 3107 1231 3165 vallum.

183 3206 260 3263 Inde
270 3206 381 3263 emissa
391 3210 620 3279 occupaverunt
633 3205 877 3279 Mesopotamiae
889 3223 1024 3279 campos,
1036 3206 1169 3278 equitum
1183 3223 1235 3279 pe-

182 3304 338 3377 ditumque
357 3303 577 3377 propemodum
597 3302 827 3360 innumerabilis
852 3304 952 3374 turba,
974 3305 1122 3376 majorem
1143 3321 1235 3377 quam
1278 3352 1281 3357 .
1396 3362 1397 3369 χ

183 3419 238 3476 pro
252 3418 379 3458 numero
394 3400 527 3475 speciem
541 3418 662 3477 gerens.
707 3402 870 3458 Persarum
884 3406 971 3458 crant
985 3406 1107 3458 centum
1127 3400 1232 3471 millia,

182 3499 338 3573 inquibus
359 3516 452 3572 eques
474 3499 601 3575 triginta
619 3499 715 3556 millia
730 3498 887 3573 implebat.
931 3500 1016 3557 Medi
1032 3500 1135 3557 decem
1151 3500 1233 3572 equi-

182 3600 259 3665 tum,
286 3595 509 3671 quinquaginta
533 3596 628 3653 millia
652 3596 788 3671 peditum
811 3597 974 3655 habebant.
1026 3598 1234 3655 Barcanorum

183 3693 319 3765 equitum
333 3694 395 3749 duo
410 3692 505 3750 millia
519 3694 731 3762 suere,armati
745 3694 1127 3769 bipennibus,levibusque
1139 3694 1234 3753 scutis

183 3794 285 3848 cetrae
306 3790 439 3848 maxima
460 3791 593 3865 speciem
615 3791 833 3860 reddentibus3
856 3792 992 3867 peditum
1013 3793 1118 3851 decem
1139 3791 1235 3852 millia
