2817 4300
475 456 478 461 .
558 401 676 448 snossr
700 402 898 448 nxrnnu'rs.
1188 384 1251 448 149

201 591 299 648 neque
328 573 367 629 ab
396 572 531 631 amicitia
559 571 663 646 populi
691 571 823 628 Romani
848 573 1023 630 defecturos
1049 573 1250 643 confirmavit,

201 687 338 744 quaeque
360 669 392 726 in
413 668 548 727 Treviris
569 674 748 745 gererentur
768 669 914 727 ostendit.
958 670 1003 726 At
1024 670 1251 727 Indutiomarus

202 769 370 842 equitatum
392 766 622 840 peditatumque
644 783 766 842 cogere,
783 766 891 839 iisque,
915 766 967 840 qui
992 784 1045 840 per
1067 772 1199 824 aetatem
1220 767 1252 824 in

202 867 293 923 armis
315 882 382 921 esse
401 882 462 921 non
478 868 633 938 poterant,
650 864 681 921 in
696 864 803 922 silvam
819 863 1018 921 Arduennam
1034 864 1157 934 abditis,
1173 882 1252 938 quae

201 964 319 1040 ingenti
339 963 549 1037 magnitudine
571 979 625 1037 per
646 962 763 1019 medios
785 963 860 1019 fines
882 963 1077 1020 Trevirorum
1099 963 1252 1020 afiumine
1294 1007 1296 1012 .

202 1063 310 1118 Rheno
331 1061 371 1117 ad
386 1060 505 1117 initium
520 1062 683 1117 Remorum
699 1060 842 1134 pertinet,
858 1060 971 1117 bellum
985 1079 1092 1134 parare
1108 1061 1250 1118 instituit.

203 1158 264 1216 Sed
286 1164 485 1232 posteaquam
508 1158 646 1215 nonnulli
667 1158 822 1232 principes
843 1177 883 1215 ex
904 1177 941 1215 ea
958 1158 1081 1216 civitate
1097 1164 1129 1215 et
1142 1159 1253 1215 famili-

202 1255 311 1313 aritate
331 1255 535 1332 Cingetorigis
551 1256 676 1313 adducti
691 1261 722 1312 et
740 1256 874 1313 adventu
895 1255 991 1313 nostri
1013 1256 1164 1314 exercitus
1186 1273 1253 1331 per-

202 1354 299 1411 territi
314 1354 353 1410 ad
368 1353 532 1411 Caesarem
545 1358 706 1424 venerunt,
724 1354 806 1411 etde
822 1354 886 1411 suis
901 1353 1043 1427 privatim
1057 1354 1148 1410 rebus
1164 1354 1202 1410 ab
1217 1372 1254 1412 eo

202 1456 305 1525 petere
330 1456 507 1525 coeperunt,
534 1451 677 1524 quoniam
702 1450 821 1509 civitati
844 1451 1001 1508 consulere
1027 1469 1088 1508 non
1113 1457 1251 1526 possent,

203 1549 431 1606 Indutiomarus
445 1548 562 1607 veritus
584 1567 622 1606 ne
644 1548 683 1606 ab
704 1548 846 1607 omnibus
863 1549 1063 1617 desereretur,
1081 1549 1198 1625 legatos
1214 1550 1254 1606 ad

203 1645 367 1704 Caesarem
380 1646 493 1704 mittit:
515 1645 590 1705 Sese
602 1647 716 1704 idcirco
727 1646 767 1703 ab
782 1645 846 1703 suis
860 1646 1016 1704 discedere
1029 1652 1118 1720 atque
1130 1648 1169 1704 ad
1184 1665 1252 1705 eum

202 1745 306 1802 venire
329 1744 475 1814 noluisse,
492 1761 553 1818 quo
574 1745 698 1802 facilius
720 1744 876 1802 civitatem
898 1743 929 1801 in
951 1743 1050 1802 officio
1070 1745 1250 1814 contineret,

203 1860 241 1899 ne
269 1843 368 1899 omnis
397 1841 567 1899 nobilitatis
595 1842 734 1899 discessu
759 1841 846 1916 plebs
871 1847 996 1916 propter
1018 1842 1254 1916 imprudentiam

202 1939 365 1997 laberetur.
409 1939 519 2013 Itaque
541 1956 609 1996 esse
631 1939 788 1997 civitatem
807 1939 839 1996 in
854 1956 909 1996 sua
924 1944 1088 2012 potestate,
1105 1957 1210 2012 seque,
1227 1940 1254 1996 si

202 2036 318 2095 Caesar
333 2037 532 2111 permitteret,
549 2037 589 2093 ad
611 2054 680 2094 eum
701 2037 731 2092 in
754 2042 855 2095 castra
869 2041 1041 2106 venturum,
1058 2053 1130 2092 suas
1148 2035 1254 2094 civita·

203 2134 304 2209 tisque
319 2135 461 2191 fortunas
476 2135 544 2208 ejus
558 2134 629 2191 fidei
643 2133 871 2208 permissurum.

364 2317 414 2373 30.
460 2313 574 2373 Cnssn
594 2332 738 2372 suescas
759 2332 843 2372 wrrn
864 2333 925 2371 rnn
947 2316 1092 2374 Bruroua

244 2429 369 2499 Caesar,
387 2429 530 2503 exposito
545 2428 682 2486 exercitu
698 2433 730 2486 ct
744 2428 812 2486 loco
827 2428 935 2486 castris
951 2428 1061 2486 idoneo
1083 2435 1184 2503 capt0,
1201 2430 1254 2487 ubi

203 2547 243 2586 ex
257 2528 389 2601 captivis
403 2526 559 2602 cognovit,
571 2542 631 2599 quo
643 2526 674 2582 in
688 2525 758 2582 loco
768 2526 901 2583 hostium
911 2525 1015 2599 copiae
1028 2527 1252 2597 consedissent,

203 2626 380 2684 cohortibus
395 2626 501 2681 decem
515 2624 555 2679 ad
570 2641 653 2679 mare
667 2622 781 2680 relictis
803 2628 834 2680 et
855 2622 1008 2695 equitibus
1029 2624 1186 2693 trecentis,
1202 2624 1254 2696 qui

203 2724 357 2798 praesidio
372 2722 503 2779 navibus
518 2725 634 2790 essent,
651 2721 689 2777 de
709 2721 800 2778 tertia
817 2719 922 2795 vigilia
943 2721 982 2777 ad
1003 2721 1107 2777 hostes
1130 2727 1254 2779 conten·

203 2822 260 2890 dit,
284 2839 321 2878 eo
344 2821 445 2877 minus
470 2819 586 2877 veritus
611 2818 753 2886 navibus,
780 2819 861 2891 quod
886 2818 917 2873 in
942 2817 1030 2875 litore
1055 2818 1138 2875 molli
1163 2823 1253 2892 atque

205 2924 311 2992 aperto
332 2918 484 2994 deligatas
506 2916 546 2973 ad
568 2933 712 2973 ancoram
726 2915 934 2988 relinquebut3
957 2920 988 2973 et
1003 2914 1155 2989 praesidio
1170 2916 1253 2971 nari-

205 3016 262 3071 bus
277 3015 423 3087 Quintum
438 3015 562 3071 Atrium
576 3013 737 3087 praefecit.
775 3012 848 3087 Ipse
862 3018 954 3069 noctu
969 3030 1149 3088 progressus
1161 3012 1255 3070 millia

205 3130 350 3186 passuum
372 3112 492 3171 circiter
513 3111 674 3168 duodecim
696 3111 829 3167 hostium
850 3110 955 3184 copias
977 3110 1171 3185 conspicatus
1194 3118 1251 3168 est.

204 3208 254 3265 Illi
269 3210 406 3283 equitatu
421 3216 512 3284 atque
528 3208 646 3266 essedis
661 3209 700 3266 ad
715 3210 826 3266 flumen
841 3209 995 3284 progressi
1007 3227 1046 3265 ex
1061 3209 1129 3266 loco
1140 3211 1253 3283 superi·

125 3354 130 3368 .
205 3326 256 3364 ore
284 3313 406 3364 nostros
434 3308 594 3381 prohibere
623 3313 655 3364 et
683 3306 830 3381 proelium
859 3307 1046 3364 committere
1076 3314 1252 3381 coeperunt.

205 3404 332 3479 Repulsi
357 3406 396 3461 ab
420 3406 557 3478 equitatu
582 3423 616 3462 se
638 3404 670 3461 in
698 3404 792 3462 silvas
821 3405 1013 3475 abdiderunt,
1044 3404 1144 3462 locum
1172 3406 1255 3463 nacti

205 3503 326 3579 egregie
342 3508 373 3559 et
387 3508 497 3559 natura
512 3508 543 3559 et
556 3520 648 3577 opere
663 3502 824 3573 munitum,
841 3520 931 3576 quem
946 3503 1105 3560 domestici
1122 3502 1205 3572 bclli,
1222 3509 1255 3560 ut

205 3600 377 3666 videbatur,
395 3618 487 3657 causa
502 3602 565 3673 jam
581 3605 651 3656 ante
666 3605 944 3675 praeparaverant3
960 3618 1031 3656 narn
1043 3600 1155 3657 crebris
1168 3602 1256 3657 arbo-

204 3698 289 3755 ribus
305 3698 433 3754 succisis
447 3715 552 3753 omnes
568 3697 711 3754 introitus
727 3703 815 3763 erant
829 3697 989 3771 praeclusi.
1034 3697 1100 3771 Ipsi
1114 3716 1155 3754 ex
1169 3697 1255 3754 silvis

204 3794 266 3852 rari
288 3793 523 3869 propugnabant
544 3798 725 3867 nostrosque
748 3793 828 3851 intra
850 3794 1033 3852 munitiones
1055 3794 1172 3870 ingredi
1186 3811 1256 3869 pro·
