2817 4300
173 347 234 412 178
356 362 571 409 smacrrorrs
593 361 695 408 raom
718 361 831 408 marm
854 361 1038 408 aurfloas.

171 533 263 592 etiam
278 550 400 604 nomen,
417 533 555 602 dederit;
578 550 648 589 nam
663 537 772 606 postea
786 532 867 588 idem
879 529 1031 589 Corvinus
1047 533 1223 604 satuimus,

171 649 207 688 ac
228 636 353 705 propter
373 631 431 689 hoo
452 631 593 687 meritum
611 646 759 686 annorum
774 629 865 686 trium
880 633 912 685 et
926 629 1036 704 viginti
1051 631 1159 686 consul
1174 638 1225 688 est

170 729 281 785 factus.

210 826 281 884 Jam
296 826 426 883 Romani
442 831 583 900 potentes
598 843 666 883 esse
681 829 859 898 coeperunt.
903 823 1023 882 Bellum
1037 824 1116 881 enim
1140 828 1225 900 apud

171 921 326 981 Samnitas
347 925 521 1000 gerebatur,
537 923 589 997 qui
612 922 702 979 medii
724 927 796 978 sunt
815 922 895 978 inter
919 921 1075 992 Picenum,
1091 921 1223 998 Campa-

171 1021 252 1078 niam
267 1028 299 1079 et
312 1022 467 1095 Apuliam.
512 1021 547 1077 L.
564 1020 706 1095 Papirius
721 1018 835 1077 Cursor
849 1037 917 1077 oum
932 1020 1047 1077 bonore
1062 1021 1223 1081 dictatoris

171 1120 210 1176 ad
232 1120 263 1176 id
284 1119 396 1177 bellum
412 1121 568 1194 profectus
583 1125 641 1176 est.
686 1117 745 1190 Qui
759 1135 852 1191 quum
867 1118 996 1175 Romam
1010 1121 1164 1190 rediisset,
1181 1122 1221 1196 Q.

170 1218 267 1274 Fabio
295 1219 440 1288 maxim0,
470 1217 618 1292 magistro
646 1217 793 1289 equitum,
824 1234 913 1289 quem
943 1220 1026 1292 apud
1055 1222 1223 1278 exercitum

169 1316 303 1389 reliquit,
321 1317 486 1390 praecepit,
503 1333 541 1372 ne
563 1333 595 1371 se
618 1315 745 1372 absente
767 1321 927 1390 pugnaret.
972 1317 1039 1386 llle,
1061 1319 1223 1375 occasione

169 1420 303 1488 reperta,
317 1414 493 1470 felicissime
507 1413 675 1483 dimicavit,
689 1419 720 1469 et
736 1412 890 1470 Samnitas
901 1413 1025 1470 delevit.
1071 1412 1120 1472 Ob
1131 1433 1224 1489 quam

169 1530 234 1569 rem
248 1531 267 1568 a
281 1512 430 1570 dictatore
442 1511 551 1586 capitis
565 1512 740 1580 damnatus,
755 1511 836 1584 quod
851 1529 884 1568 se
899 1517 1023 1569 vetante
1039 1520 1222 1588 pugnasset,

170 1609 288 1684 ingenti
303 1610 409 1667 lavore
423 1608 552 1665 militum
568 1614 599 1665 et
620 1608 725 1683 populi
740 1608 887 1666 liberatus
905 1614 963 1666 est.
1006 1611 1121 1666 Postea
1137 1610 1224 1668 Sam-

171 1707 251 1764 nites
274 1708 441 1776 Romanos,
458 1707 540 1781 apud
562 1706 710 1762 Furculas
735 1705 890 1763 Caudinas
914 1707 1064 1782 angustiis
1088 1707 1225 1765 locorum

171 1804 344 1873 conclusos,
361 1805 477 1880 ingenti
492 1805 640 1860 dedecore
654 1803 794 1860 vicerunt
809 1808 840 1860 et
857 1804 914 1860 sub
931 1806 1039 1879 jugum
1061 1805 1221 1863 miserunt.

170 1902 238 1959 Pax
260 1908 361 1960 tamen
385 1920 403 1957 a
426 1906 534 1959 senatu
559 1905 591 1958 et
615 1900 728 1974 populo
751 1900 852 1957 soluta
875 1907 932 1970 est,
958 1918 1035 1974 quae
1058 1920 1126 1959 cum
1147 1904 1224 1977 ipsis

172 2006 297 2075 propter
319 1998 534 2057 necessitatem
557 1999 642 2055 facta
665 1999 776 2054 fuerat.
829 1999 943 2055 Postea
967 1997 1120 2057 Samnites
1148 2000 1225 2058 victi

172 2102 244 2155 sunt
265 2115 284 2153 a
305 2097 339 2156 L.
361 2097 485 2171 Papirio
506 2095 648 2155 consule:
672 2100 791 2169 septem
812 2095 907 2153 millia
925 2113 1028 2153 eorum
1044 2097 1101 2155 sub
1115 2098 1224 2175 jugum

172 2196 276 2252 missa.
320 2195 461 2269 Papirius
484 2195 521 2251 de
545 2193 733 2253 Samnitibus
757 2194 966 2267 triumphavit.
1011 2195 1058 2251 Eo
1086 2200 1223 2270 tempore

171 2292 293 2367 Appius
314 2291 461 2350 Claudius
482 2309 590 2349 censor
610 2291 735 2364 Aquam
757 2289 916 2348 Claudiam
938 2291 1071 2361 induxit,
1089 2297 1120 2349 et
1140 2292 1224 2351 viam

81 2425 85 2433 ·
171 2389 308 2464 Appiam
322 2389 441 2445 stravit.

495 2551 542 2605 70.
573 2550 644 2605 Tnn
667 2548 786 2607 vasn
805 2549 890 2607 Aca.

292 2681 472 2754 Postquam,
490 2679 622 2737 Saturno
636 2680 800 2737 tenebrosa
815 2680 846 2736 in
860 2681 989 2738 Tartara
1004 2682 1109 2752 misso,

254 2777 317 2837 Sub
331 2778 410 2837 Jove
424 2778 556 2833 mundus
571 2782 654 2846 erat;
678 2777 772 2834 subiit
784 2770 932 2853 'argentea
946 2779 1058 2851 proice,

252 2876 339 2932 Auro
353 2875 496 2944 deterior,
514 2874 599 2931 fulvo
613 2875 776 2947 pretiosior
791 2893 871 2931 aere,

253 2972 375 3045 Jupiter
388 2971 506 3045 antiqui
521 2972 675 3028 contraxit
689 2977 827 3045 tempora
841 2973 941 3029 veris:

235 3118 237 3122 ,
253 3070 371 3142 Perque
386 3069 521 3145 hycmeS,
538 3073 712 3142 aestusque,
730 3074 761 3125 et
776 3069 951 3142 inaequales
966 3077 1139 3140 autumnos,

253 3167 295 3223 Et
308 3167 400 3223 breve
415 3185 479 3232 rer,
496 3165 604 3240 spatiis
619 3165 723 3242 exegit
737 3171 868 3239 quatuor
882 3184 1005 3223 annum.

253 3264 331 3320 Tum
347 3264 477 3338 primum
490 3263 580 3321 siccis
595 3281 647 3321 aer
662 3262 834 3320 fervoribus
848 3268 935 3321 ustus

254 3360 405 3431 Canduit;
428 3366 460 3418 et
473 3361 573 3418 ventis
587 3361 702 3436 glacies
718 3360 866 3417 adstricta
880 3362 1036 3435 pependit.

253 3460 332 3515 Tum
347 3459 476 3532 primum
490 3459 609 3516 subiere
624 3459 742 3516 domos.
786 3457 904 3514 Domus
921 3464 1009 3515 antra
1023 3461 1159 3527 fuerunt,

254 3557 296 3613 Et
310 3557 397 3613 densi
412 3557 554 3614 fructices
570 3561 601 3613 et
615 3556 735 3613 vinctae
751 3556 862 3613 cortice
877 3555 992 3631 virgae.

255 3653 378 3713 Semina
393 3659 457 3710 tum
473 3654 601 3728 primum
616 3653 716 3729 longis
732 3650 868 3710 Cerealia
884 3652 975 3709 sulcis

254 3750 373 3808 Obruta
387 3755 471 3818 sunt,
489 3750 645 3823 pressique
660 3751 735 3824 jugo
749 3767 889 3825 gemuere
905 3750 1038 3821 juvenci.
