2817 4300
560 375 728 439 vnaom’s
751 392 885 439 mnam.

253 560 421 620 circumdat
433 559 560 618 loricam
573 561 685 618 umeris
697 580 704 630 ;
728 561 817 618 simul
832 567 919 635 aptat
933 562 1074 620 habendo

253 675 416 731 ensemque
430 657 620 730 clipeumque
635 663 667 714 et
680 658 790 714 rubrae
803 676 916 715 cornua
931 659 1053 730 cristae,

253 773 368 825 ensem,
385 772 474 828 quem
489 754 601 810 Dauno
615 754 790 830 ignipotens
806 757 881 812 deus
896 757 961 830 ipse
977 757 1097 830 parenti
1208 763 1247 814 90

252 853 370 910 fecerat
383 858 415 926 et
429 852 537 928 Stygia
552 853 734 910 candentem
749 853 886 910 tinxerat
900 855 992 911 unda.

251 945 348 1006 ¹Exin
363 967 442 1023 quae
457 950 565 1006 mediis
580 950 697 1026 ingenti
713 951 828 1007 adnixa
847 951 1005 1008 columnae

252 1047 378 1103 aedibus
395 1047 552 1117 adstabat,
569 1047 702 1105 validam
717 1048 748 1104 vi
763 1049 889 1122 corripit
903 1049 1034 1120 hastam,

251 1145 376 1202 Actoris
391 1146 530 1203 Aurunci
544 1145 687 1219 spolium,
704 1152 891 1220 quassatque
907 1151 1085 1206 trementem

251 1243 444 1299 vociferans:
469 1243 591 1313 ‘Nunc‚
605 1242 632 1301 Ο
647 1262 812 1318 numquam
827 1245 976 1302 frustrata
991 1251 1117 1303 vocatus
1208 1252 1245 1302 95

250 1335 356 1397 ²hasta
370 1358 466 1410 meos,
483 1358 564 1398 nunc
575 1345 696 1415 tempus
711 1342 818 1399 adest:
834 1347 864 1398 te
880 1343 1031 1398 maximus
1046 1343 1143 1400 Actor

252 1441 282 1493 te
297 1437 393 1493 Turni
408 1455 489 1494 nunc
503 1438 613 1494 dextra
627 1438 717 1514 gerit.
762 1439 811 1496 Da
826 1444 961 1496 sternere
976 1457 1102 1514 corpus.

251 1533 434 1609 loricamque
450 1553 541 1592 manu
556 1536 658 1592 valida
672 1536 806 1594 lacerare
821 1537 973 1594 revulsam

252 1633 384 1689 semiviri
398 1634 529 1709 Phrygis
545 1640 576 1690 et
590 1635 715 1692 foedare
731 1636 761 1691 in
777 1635 900 1709 pulvere
915 1636 1006 1693 crinis

252 1731 388 1788 vibratos
403 1731 502 1788 calido
517 1733 600 1789 ferro
613 1729 794 1806 ³murraque
809 1733 983 1790 madentis.’
1191 1740 1247 1789 100

252 1828 310 1884 His
326 1828 427 1904 agitur
441 1829 548 1898 furiis3
564 1834 690 1903 totoque
706 1831 842 1887 ardentis
857 1831 962 1888 abore

253 1925 404 1984 scintillae
419 1926 584 1998 absistunt,
601 1927 698 1985 oculis
714 1928 806 1986 micat
821 1929 942 1986 acribus
958 1929 1055 2005 ignis:

253 2024 386 2099 mugitus
400 2025 496 2082 veluti
510 2044 578 2083 cum
593 2027 690 2100 prima
703 2027 736 2083 in
751 2026 867 2100 proelia
881 2032 986 2084 taurus

252 2122 398 2180 terrificos
413 2123 474 2181 ciet
487 2128 578 2198 atque
593 2124 683 2183 irasci
698 2124 729 2181 in
745 2142 859 2183 cornua
873 2129 1014 2199 temptat,

252 2220 368 2276 arboris
383 2221 516 2278 obnixus
532 2227 651 2292 trunco,
667 2228 837 2296 ventosque
852 2222 977 2280 lacessit
1191 2229 1246 2278 105

251 2316 362 2374 ictibus
378 2322 432 2374 aut
446 2335 555 2392 sparsa
569 2319 608 2375 ad
623 2337 757 2395 pugnam
773 2319 907 2393 proludit
921 2337 1023 2378 arena.

539 2540 665 2597 AEneua
679 2541 743 2597 also
758 2542 785 2596 is
799 2542 902 2614 ready.

291 2688 358 2747 Nec
372 2688 472 2745 minus
487 2688 604 2745 interea
616 2685 780 2746 ⁴maternis
796 2708 906 2747 saevus
922 2690 953 2745 in
973 2690 1064 2746 armis

250 2785 374 2843 Aeneas
390 2786 472 2844 acuit
485 2785 618 2843 Martem
633 2791 712 2843 etse
727 2787 856 2844 suscitat
871 2788 927 2857 ira,

251 2882 354 2940 oblato
369 2884 507 2959 gaudens
523 2884 664 2957 componi
680 2885 805 2941 foedere
820 2884 943 2955 bellum,

252 2985 317 3037 tum
331 2981 431 3038 socios
447 2981 615 3054 maestique
631 2988 746 3038 metum
761 2981 878 3039 solatur
892 2982 963 3050 Iuli,
1189 2989 1246 3039 110

251 3079 318 3135 fato
332 3079 457 3148 doeens,
475 3080 598 3155 regique
614 3080 698 3137 iubet
712 3099 860 3155 responsa
875 3081 985 3137 Latino

251 3182 335 3233 certa
349 3179 462 3235 referre
477 3178 559 3233 viros
574 3183 606 3233 et
620 3178 704 3251 pacis
720 3178 819 3234 dicere
834 3177 928 3253 leges.

240 3372 322 3422 1erin
335 3397 358 3417 =
372 3374 473 3424 exinde.

240 3454 251 3487 ²
263 3457 353 3506 hasta:
370 3474 420 3505 voc.

240 3537 252 3571 ⁸
263 3555 352 3588 murra
364 3562 388 3583 =
401 3546 550 3601 unguento:
568 3556 585 3588 a
596 3538 663 3587 alcen
676 3540 708 3605 of
719 3540 874 3605 effiminacy.

240 3621 389 3671 4maternis
402 3658 407 3669 .
421 3656 427 3669 .
441 3657 446 3669 .
459 3622 548 3671 armis.
588 3622 662 3682 Quae
683 3629 768 3671 mater
785 3622 810 3671 ei
830 3637 846 3670 a
862 3621 985 3670 Vulcano
1008 3621 1204 3683 impetraverat.
1215 3649 1247 3657 —

196 3703 363 3754 Tramas.
