2817 4300
529 393 647 440 sacar
671 392 869 438 nxrsaors.
1159 375 1220 439 155

169 567 339 624 insularum
360 565 508 621 immensa
529 564 631 638 spatia
652 562 871 637 complectens,
888 580 985 636 nuper
1005 563 1136 638 cognitis
1156 563 1221 635 qui-

169 665 301 722 busdam
315 662 459 738 gentibus
475 679 510 718 ac
524 661 659 736 regibus,
676 677 754 734 quos
774 659 885 716 bellurn
908 659 1037 733 aperuit.
1081 660 1220 729 Rhenus,

170 762 367 818 Raeticarum
393 758 520 832 Alpium
548 758 707 816 inaccesso
735 775 771 815 ac
795 757 956 831 praecipiti
981 757 1094 814 vertice
1123 762 1220 826 ortus,

170 859 290 916 modico
304 857 386 914 flexu
400 856 432 912 in
447 856 635 913 occidentem
651 873 758 912 versus
778 854 1010 928 septentrionali
1031 872 1147 913 oceano
1169 855 1222 911 mi-

172 961 284 1024 scetur.
328 955 499 1025 Danuvius,
520 952 603 1010 molli
617 956 649 1010 et
663 953 827 1010 clementer
841 953 924 1010 edito
939 953 1051 1010 montis
1069 953 1222 1010 Abnobae

168 1056 242 1128 jugo
264 1055 390 1120 effusus,
414 1051 516 1126 plures
537 1051 667 1125 populos
688 1050 764 1120 adit,
786 1051 883 1108 donec
905 1051 935 1107 in
957 1049 1118 1108 Contieum
1139 1069 1222 1107 mare

172 1168 229 1207 sex
243 1149 396 1206 meatibus
410 1154 568 1222 erumpat:
592 1150 754 1222 septimum
770 1165 805 1204 os
820 1148 984 1222 paludibus
999 1148 1145 1206 hauritur.

569 1327 619 1382 40.
656 1326 828 1383 IuJusrros.

213 1442 390 1514 Iniustitiae
411 1459 525 1516 genera
546 1440 606 1497 duo
628 1446 717 1497 sunt:
747 1459 840 1496 unum
862 1458 977 1508 eorum,
1000 1441 1052 1514 qui
1074 1440 1220 1510 inferunt,

174 1539 301 1597 alterum
324 1556 440 1607 eorum,
461 1538 512 1611 qui
534 1538 573 1594 ab
594 1537 632 1593 iis
653 1539 764 1611 quibus
786 1538 927 1608 infertur,
951 1538 977 1594 si
999 1544 1139 1611 possunt,
1161 1556 1222 1595 non

174 1636 355 1710 propulsant
375 1635 530 1708 injuriam.
583 1635 664 1691 Nam
686 1635 739 1708 qui
764 1635 1044 1708 injuste-impetum
1068 1636 1099 1692 in
1120 1653 1222 1716 quem-

174 1734 255 1808 piam
270 1733 359 1801 fecit,
373 1737 427 1789 aut
442 1733 486 1788 ira
501 1740 554 1788 aut
569 1732 671 1804 aliqua
686 1733 914 1805 perturbatione
929 1732 1085 1802 incitatus,
1099 1734 1124 1789 is
1136 1734 1223 1807 quasi

174 1849 282 1887 manus
305 1833 415 1887 afferre
437 1830 558 1886 videtur
579 1830 680 1886 socio:
711 1830 761 1902 qui
784 1835 885 1886 autem
911 1847 971 1886 non
1003 1831 1143 1888 defendit
1169 1848 1224 1888 nec

174 1928 309 1996 obsistit,
326 1928 352 1984 si
368 1931 481 2001 potest,
495 1926 637 1999 injuriae,
650 1932 714 1982 tarn
729 1931 776 1983 est
792 1927 821 1982 in
834 1926 920 1996 viti0,
934 1944 1025 2000 quam
1040 1927 1066 1984 si
1081 1933 1223 2002 parentes

174 2003 228 2082 aut
241 2026 358 2111 amicos
369 2030 423 2081 aut
435 2024 563 2099 patriam
576 2025 709 2081 deserat.
746 2024 850 2097 Atque
865 2023 934 2081 illae
947 2025 1069 2097 quidem
1080 2025 1222 2098 injuriae,

175 2140 251 2197 quae
277 2122 408 2181 nocendi
429 2139 523 2180 causa
544 2123 582 2180 de
607 2121 758 2179 industria
780 2122 963 2192 inferuntur,
988 2140 1078 2197 saepe
1101 2140 1119 2179 a
1142 2127 1223 2180 metu

175 2223 426 2295 proficiscuntur3
448 2238 541 2293 quum
562 2219 600 2290 is,
617 2221 668 2293 qui
691 2238 799 2277 nocere
818 2220 905 2277 alteri
920 2220 1046 2296 cogitat,
1064 2221 1151 2278 timet
1171 2238 1221 2288 ne,

175 2320 233 2375 nisi
248 2320 279 2375 id
294 2319 414 2383 fecerit,
431 2318 497 2391 ipse
520 2318 621 2390 aliquo
643 2318 792 2374 afficiatur
806 2318 1009 2375 incommodo
1054 2318 1224 2375 Maximam

174 2422 277 2473 autem
299 2421 416 2489 partem
438 2415 478 2471 ad
498 2414 641 2487 injuriam
664 2414 839 2471 faciendam
860 2416 1089 2491 aggrediuntur,
1106 2420 1139 2471 ut
1160 2415 1224 2471 adi·

174 2514 332 2587 piscantur
343 2530 390 2580 ea,
403 2529 481 2585 quae
497 2511 754 2584 concupiverunt:
771 2512 802 2567 in
813 2529 873 2584 quo
888 2512 963 2569 vitio
977 2512 1124 2570 latissime
1139 2517 1225 2588 patet

174 2610 315 2668 avaritia.

208 2791 258 2845 41.
295 2788 405 2844 Arrnn
425 2803 540 2843 rarius
561 2803 583 2842 a
603 2785 739 2856 Rama,
763 2785 1038 2845 Cassrreunauuus
1060 2804 1155 2845 sauna
1176 2805 1198 2844 a

514 2884 678 2940 Lscsmou
698 2900 737 2941 ro
760 2882 882 2941 Cassa.

215 2999 296 3055 Dum
308 3000 382 3055 haec
397 2998 428 3054 in
440 2997 487 3054 his
498 2996 573 3055 locis
585 3002 743 3071 geruntur,
757 2995 1006 3056 Cassivellaunus
1019 2998 1058 3056 ad
1069 2997 1222 3070 Cantium,

176 3095 258 3168 quod
272 3113 339 3151 esse
354 3096 394 3151 ad
409 3112 490 3151 mare
509 3112 601 3167 supra
615 3073 903 3164 demonstravimus
919 3096 1030 3170 quibus
1050 3097 1225 3172 regionibus

175 3197 320 3265 quattuor
340 3209 428 3265 reges
450 3196 624 3264 praeerant,
646 3190 836 3265 Cingetorix,
859 3190 1022 3263 Carvilius,
1039 3194 1224 3269 Taximagu-

174 3290 233 3358 lua,
256 3288 412 3363 Segouax,
434 3289 558 3346 nuntios
580 3288 675 3345 mittit
696 3295 788 3362 atque
810 3290 857 3346 his
879 3289 1020 3365 imperat,
1043 3292 1088 3349 uti
1110 3293 1225 3349 coactis

174 3386 316 3444 omnibus
338 3387 434 3460 copiis
454 3391 556 3443 castra
570 3386 693 3444 navalia
709 3388 747 3444 de
762 3389 927 3461 improviso
942 3390 1119 3447 adoriantur
1133 3397 1224 3464 atque

174 3489 363 3559 oppugnent.
407 3483 436 3540 Ii
457 3501 549 3557 quum
570 3485 610 3540 ad
632 3489 733 3541 castra
748 3486 916 3557 venissent,
938 3488 1046 3557 nostri,
1068 3489 1225 3563 eruptione

173 3582 270 3649 facta,
302 3581 405 3638 multis
434 3599 537 3638 eorum
569 3581 752 3652 interfectis,
783 3588 875 3657 capto
903 3585 995 3641 etiarn
1027 3586 1121 3642 nobili
1149 3587 1225 3644 duce

174 3679 373 3754 Lugotorige,
404 3695 476 3735 suos
506 3679 673 3737 incolumes
705 3680 904 3738 reduxerunt.
963 3680 1223 3753 Cassivellaunus,

173 3776 232 3833 hoc
253 3775 370 3849 proelio
391 3775 543 3846 nuntiato,
565 3780 613 3834 tot
631 3776 823 3835 detrimentis
845 3778 990 3852 acceptis,
1007 3779 1138 3837 vastatis
1159 3780 1224 3838 fini·
