2817 4300
184 363 247 429 140
368 380 584 427 sunnonrons
606 380 708 426 raon
731 377 844 424 unam
866 376 1047 425 surnoas.

347 567 394 624 13.
423 567 494 622 Tua
516 566 709 622 varnncns
731 581 770 622 or
792 563 938 622 Saserna
959 564 1069 650 Krnss.

224 681 368 739 Honores
383 685 414 736 et
429 679 589 755 privilegia
604 680 727 754 regibus
742 677 903 752 Spartanis
919 678 1033 734 tributa
1054 678 1128 735 haec
1149 683 1232 736 sunt.

186 778 364 840 sacerdotia
379 778 451 846 duc,
468 777 558 834 lovis
580 775 815 834 Lacedaemonii
830 780 861 832 et
874 775 963 832 <lovis
979 773 1146 832 Caelestis:
1170 781 1236 832 tum
1297 829 1300 833 .

186 877 257 935 belli
271 875 425 933 inferendi
442 871 609 948 potestas:¹
623 873 671 930 cui
692 873 840 946 potestati
862 873 1048 929 intercedere
1072 889 1160 929 nemo
1182 890 1236 946 po-

186 980 248 1033 test
262 975 335 1048 quin
350 973 459 1046 capitis
475 972 645 1034 damnetur.
690 969 790 1042 Quum
805 971 836 1026 in
857 971 967 1027 bellum
989 971 1234 1045 proficiscuntur,

186 1071 275 1146 primi
290 1071 435 1147 incedunt
449 1087 549 1145 regeS,
567 1069 714 1142 postremi
728 1069 874 1126 redeunt:
899 1087 917 1126 a
931 1069 1057 1127 delectis
1074 1069 1144 1126 viris
1166 1087 1236 1126 cen-

186 1175 253 1226 tum·
272 1169 304 1225 in
325 1167 461 1225 exercitu
484 1167 707 1225 custodiuntur.
737 1166 892 1224 .Victimis
914 1171 1040 1223 utuntur
1059 1166 1090 1222 in
1111 1166 1236 1240 expedi·

185 1267 332 1336 tionibus,
349 1270 553 1338 quotcumque
568 1264 694 1333 volunt3
714 1269 745 1321 et
759 1263 894 1321 omnium
908 1263 1130 1320 immolatarum
1145 1281 1236 1337 pecu-

186 1365 259 1421 dum
274 1369 305 1420 et
319 1362 415 1438 pelles
430 1367 461 1420 et
475 1367 561 1438 terga
571 1362 737 1436 accipiunt.

497 1537 544 1591 14.
574 1536 606 1592 Α
627 1536 716 1593 Pocn
737 1536 930 1593 Dncsmron.

227 1651 354 1720 Nasica,
370 1667 463 1724 quum
477 1651 559 1706 forte
575 1650 615 1706 ad
629 1650 721 1706 aedes
744 1655 852 1724 poetae
873 1650 966 1706 Ennii
981 1651 1126 1718 venisset,
1143 1666 1237 1723 quae-

187 1749 260 1806 sivit
273 1767 313 1806 ex
328 1747 438 1805 ancilla
452 1753 553 1803 utrum
568 1747 686 1802 Ennius
702 1752 785 1804 esset
800 1747 891 1803 domi.
929 1747 976 1803 Ea
988 1747 1146 1820 respondit
1154 1747 1236 1803 domi

187 1865 249 1904 non
260 1863 339 1903 esse.
377 1845 492 1902 Nasica
507 1851 609 1901 aut-em
624 1844 722 1900 sensit
737 1844 820 1900 illam
834 1844 947 1901 domini
962 1845 1047 1916 jussu
1061 1844 1090 1900 id
1106 1843 1235 1906 dixisse,

187 1950 219 2002 et
232 1943 365 2000 Ennium
380 1943 462 1999 intus
477 1960 556 1998 esse.
601 1943 711 2000 Paucis
727 1947 797 2015 post
811 1941 918 1999 diebus
933 1943 973 1998 ad
995 1942 1136 1998 Nasicam
1152 1941 1237 1998 veuit

187 2041 318 2110 Ennius,
342 2041 401 2110 cui,
424 2045 525 2097 utrum
546 2039 629 2096 domi
650 2044 744 2108 esset,
769 2039 926 2113 quaerenti
954 2039 1069 2096 Nasica
1090 2039 1155 2113 ipse
1183 2057 1236 2095 ex-

187 2138 300 2197 clamat
314 2156 347 2196 se
362 2138 445 2195 domi
460 2156 521 2195 non
536 2156 614 2195 esse.
657 2138 736 2194 Tum
751 2137 888 2194 Ennius:
910 2142 930 2171 “
943 2135 1042 2210 Quid?
1063 2156 1163 2194 nonne
1179 2154 1237 2213 ego

188 2237 373 2312 cognos00,''
390 2236 499 2309 inquit,
519 2241 539 2269 ‘⁴
553 2241 636 2292 tuam
651 2233 777 2293 vocem?
788 2236 805 2259 '’
848 2234 905 2293 Cui
926 2236 1040 2292 Nasica
1058 2235 1234 2308 respondit:

189 2335 321 2391 “Homo
342 2351 375 2390 cs
399 2333 570 2407 impudens.
614 2333 694 2408 Ego,
717 2350 810 2406 quum
838 2338 869 2389 te
897 2350 1083 2405 quaererem,
1109 2330 1236 2388 ancillae

187 2437 259 2489 tuae
274 2430 390 2488 credidi
405 2435 435 2488 te
450 2430 532 2487 domi
548 2447 609 2486 non
625 2447 712 2486 esse:
736 2435 769 2486 tu
783 2430 857 2485 mihi
873 2447 933 2486 non
948 2429 1046 2486 credis
1061 2428 1151 2502 ipsi.''

504 2608 551 2663 15.
582 2608 652 2663 Tun
674 2607 782 2664 L1on’s
804 2606 923 2665 Sanan.

228 2723 414 2791 Societatem
439 2722 607 2794 junxerant
626 2719 686 2790 lec,
707 2723 848 2794 juvenca,
871 2738 974 2794 capra,
997 2722 1074 2778 ovis.
1118 2721 1237 2778 Praeda

188 2826 301 2889 autem,
324 2836 415 2893 quam
436 2822 593 2891 ceperant,
613 2818 648 2877 ¹in
670 2823 813 2891 quattuor
835 2820 937 2892 partes
960 2817 1102 2891 aequales
1124 2818 1234 2888 divisa,

187 2918 246 2987 lec,
265 2922 286 2951 “
298 2914 431 2984 Prima‚''
447 2915 500 2984 ait,
520 2919 541 2948 “
554 2932 622 2971 mea
642 2920 708 2984 est;
732 2914 860 2972 debetur
881 2916 962 2971 enim
984 2916 1057 2973 haec
1078 2920 1236 2989 praestan·

188 3017 248 3073 tiae
263 3031 357 3071 meae.
395 3011 515 3069 Tollam
530 3017 561 3069 et
575 3012 753 3082 secundam,
766 3029 857 3085 quam
872 3020 1004 3069 meretur
1018 3012 1109 3069 robur
1122 3030 1233 3069 meum.

187 3114 322 3170 Tertiam
344 3110 480 3168 vindicat
501 3110 559 3166 sibi
588 3110 727 3186 egregius
755 3109 841 3167 labor
863 3128 957 3167 meua.
1010 3109 1156 3183 Quartam
1184 3110 1235 3183 qui

187 3210 245 3266 sibi
268 3225 408 3285 arrogare
429 3207 571 3276 voluerit,
597 3207 622 3263 is
644 3208 733 3277 sciat,
757 3226 789 3264 se
811 3208 983 3265 habiturum
1006 3226 1053 3265 me
1081 3208 1235 3265 inimicum

187 3307 279 3364 sibi.''
321 3306 402 3379 Quid
417 3306 557 3363 facerent
571 3303 737 3362 imbecilles
748 3305 876 3375 bestiae,
889 3310 941 3362 aut
955 3305 1103 3378 quaesibi
1117 3304 1236 3362 leonem

187 3404 336 3461 infestum
350 3403 462 3460 habere
478 3400 590 3486 uellet?

521 3516 569 3624 lt.
599 3568 631 3624 A
651 3568 814 3625 Farnnnnr
835 3569 912 3625 Aer.

226 3682 373 3758 Agricola
393 3682 517 3754 quidam
532 3699 572 3738 ex
588 3682 661 3738 urbe
675 3683 808 3752 rediens,
825 3682 948 3739 fiuvium
970 3683 1038 3759 gelu
1061 3688 1236 3740 concretum

186 3780 316 3853 pedibus
345 3778 506 3835 transibat.
553 3777 661 3835 Subito
688 3777 785 3854 glacie
814 3781 967 3853 perfracta
993 3780 1043 3836 hic
1067 3780 1097 3836 in
1127 3797 1237 3852 aquam
