2817 4300
170 320 242 408 θ226
362 337 579 385 sunnorious
602 338 704 385 raom
727 338 839 385 narni
863 338 1045 386 Aornoas.

178 524 298 581 semper
319 506 444 580 aliquid,
468 513 559 581 atque
580 505 739 565 discendi?
761 509 791 564 in
812 508 923 581 quibus
944 509 1053 566 remoti
1074 509 1113 567 ab
1135 509 1234 568 oculis

178 605 293 678 populi,
310 622 399 662 omne
414 605 545 662 otiosum
562 611 681 679 tempus
696 607 906 664 contrivimus.

219 703 353 774 Quarum
374 721 474 759 rerum
493 704 664 761 recordatio
679 710 711 761 et
724 705 870 761 memoria
885 704 911 761 si
926 722 988 761 una
1003 721 1071 762 cum
1086 705 1138 763 illo
1152 706 1233 763 occi-

178 802 286 870 disset,
300 801 484 858 desiderium
498 802 743 874 conjunctissimi
757 807 848 875 atque
862 802 1064 859 amantissimi
1076 803 1134 860 viri
1149 805 1232 860 ferre

178 899 262 956 nullo
283 900 374 957 modo
391 917 524 973 possem.
569 899 630 958 Sed
645 917 702 957 nec
717 900 769 956 illa
783 899 921 957 extincta
936 906 1025 957 suut:
1049 899 1233 974 alunturque

178 998 281 1070 potius
302 1003 334 1054 et
355 1004 504 1073 augentur
524 997 710 1073 cogitatione
732 1002 763 1054 ct
784 998 947 1054 memoria:
971 998 1042 1054 etsi
1057 997 1146 1071 plane
1163 999 1232 1054 istis

178 1095 305 1151 orbatus
326 1113 436 1163 essem,
452 1113 597 1171 magnum
617 1102 720 1152 tamen
742 1097 863 1152 afferret
880 1095 952 1151 mihi
968 1101 1054 1152 actas
1069 1095 1136 1169 ipsa
1151 1097 1232 1152 sola·

177 1192 253 1248 tium
266 1213 277 1248 ε,
296 1191 409 1249 diutius
430 1192 509 1249 enim
531 1194 593 1266 jam
616 1193 646 1248 in
668 1194 726 1250 hoo
748 1193 900 1250 desiderio
921 1210 989 1250 esse
1012 1211 1072 1249 non
1091 1211 1230 1267 possum.

178 1287 290 1346 Omnia
311 1294 413 1346 autem
434 1289 539 1347 brevia
559 1288 729 1348 tolerabilia
751 1307 819 1347 esse
840 1291 965 1358 debent,
982 1290 1102 1347 etiamsi
1119 1309 1233 1366 magna

179 1386 251 1442 siut.

470 1518 537 1574 118.
568 1519 638 1574 Tun
662 1516 758 1575 Smer
781 1534 820 1575 or
841 1519 946 1576 Romu.

221 1641 282 1700 Sed
304 1649 374 1699 ante
396 1642 497 1698 omnia
518 1642 687 1698 obsidionis
710 1642 840 1715 bellique
862 1642 942 1698 mala
958 1644 1056 1700 fames
1070 1648 1234 1717 utrumque

180 1740 348 1797 exercitum
359 1740 505 1814 urgebat:
530 1738 637 1796 Gallos
650 1739 741 1796 etiarn
755 1739 946 1813 pestilentia:
970 1741 1110 1798 induciae
1121 1742 1234 1799 deinde

180 1855 250 1894 cum
280 1836 426 1893 Romanis
458 1839 568 1906 factae,
599 1840 630 1893 et
658 1837 809 1910 colloquia
837 1838 987 1910 permissu
1016 1839 1233 1912 imperatorum

180 1933 303 1990 habita:
330 1934 361 1990 in
386 1934 495 2006 quibus
521 1952 589 1990 cum
613 1934 779 1991 identidem
805 1933 888 1992 Galli
911 1935 1024 1992 famem
1048 1935 1231 2008 objicerent,

181 2049 276 2104 eaque
291 2019 475 2088 necessitate
490 2032 529 2088 ad
544 2031 730 2088 deditionem
742 2038 899 2100 vocarent,
912 2033 1032 2095 dicitur,
1047 2035 1233 2092 avertendae

181 2131 248 2203 ejus
263 2129 415 2203 opinionis
431 2147 534 2197 causa,
551 2129 654 2187 multis
669 2129 744 2187 locis
760 2130 848 2204 panis
863 2130 901 2188 de
923 2129 1077 2205 Capitolio
1098 2133 1234 2205 jactatus

181 2245 249 2284 esse
265 2226 294 2283 in
310 2228 442 2283 hostium
458 2228 618 2285 stationes.
657 2226 719 2285 Sed
730 2230 794 2301 jam
809 2246 906 2301 neque
922 2229 1116 2296 dissimulari,
1134 2247 1233 2302 neque

181 2324 254 2381 ferri
282 2324 363 2381 ultra
391 2326 486 2381 sames
515 2331 646 2398 poterat.
698 2326 820 2398 ltaque,
851 2327 1016 2392 exercitus,
1047 2327 1234 2383 stationibus

180 2421 352 2497 vigiliisque
374 2423 487 2491 fessus,
507 2423 658 2495 superatis
680 2428 782 2479 tamen
804 2423 945 2479 humanis
966 2424 1107 2479 omnibus
1129 2424 1231 2495 malis,

180 2537 248 2577 cum
270 2520 382 2575 famem
404 2537 495 2575 unam
514 2526 623 2576 natura
637 2520 718 2578 vinci
733 2538 793 2577 nou
809 2520 934 2589 sineret,
951 2521 1083 2578 diemde
1098 2522 1147 2578 die
1162 2539 1233 2595 pro·

180 2622 336 2690 spectans,
353 2617 470 2689 ecquod
492 2616 638 2673 auxilium
656 2619 695 2676 ab
710 2618 859 2675 dictatore
875 2624 1053 2691 appareret3
1076 2624 1234 2691 postremo

180 2733 235 2787 spe
249 2732 370 2787 quoque
385 2716 461 2789 jam,
478 2732 538 2771 non
554 2715 653 2772 solum
667 2716 746 2784 cib0,
763 2715 934 2783 deficiente,
952 2720 1065 2773 etcum
1080 2716 1233 2774 stationes

179 2812 391 2887 procederent,
415 2829 509 2886 prope
530 2812 730 2869 obruentibus
751 2813 902 2870 infirmum
924 2830 1033 2886 corpus
1055 2813 1157 2883 armis,
1182 2815 1233 2871 vel

179 2910 261 2976 dedi,
275 2910 324 2967 vel
338 2909 444 2966 redimi
459 2927 504 2978 se,
517 2927 706 2983 quacumque
722 2910 864 2983 pactione
879 2915 1017 2983 possent,
1033 2909 1143 2983 jussit;
1166 2912 1232 2983 jac-

179 3007 317 3064 tantibus
338 3025 399 3063 non
421 3007 549 3065 obscure
567 3006 677 3072 Gallis,
695 3008 776 3064 haud
792 3026 903 3083 magna
918 3008 1056 3065 mercede
1071 3025 1103 3064 se
1119 3008 1232 3066 adduci

180 3122 282 3177 posse,
312 3110 347 3161 ut
374 3105 563 3162 obsidionem
592 3105 776 3178 relinquant.
831 3105 909 3161 Tum
939 3111 1064 3162 senatus
1094 3105 1229 3177 habituS,

178 3202 368 3275 tribunisque
383 3202 512 3259 militum
527 3202 681 3276 negotium
697 3202 814 3270 datum,
831 3206 865 3258 ut
879 3201 1115 3276 paciscerentur.

276 3413 279 3417 ⁴
308 3417 376 3472 119.
406 3416 476 3472 Tne
498 3416 624 3472 Aaansr
645 3433 684 3472 ar
704 3432 766 3471 rar
788 3415 942 3472 Munvrau
964 3415 1099 3471 Barnea.

219 3538 281 3597 Sed
297 3539 481 3615 Allobroges
495 3558 534 3596 ex
550 3545 714 3614 praecepto
728 3538 884 3597 Ciceronis
899 3558 952 3613 per
966 3538 1131 3597 Gabinium
1147 3546 1229 3596 cete-

177 3653 228 3693 ros
250 3636 453 3693 conveniunt:
476 3637 516 3693 ab
539 3638 680 3706 Lentulo,
703 3636 852 3712 CethegO,
874 3636 1007 3705 Statilio,
1024 3637 1095 3694 item
1118 3636 1229 3694 Cassio

177 3730 335 3804 postulant
355 3734 404 3803 jus
426 3733 599 3803 jurandum,
615 3734 697 3806 quod
720 3734 873 3809 signatum
896 3735 934 3791 ad
957 3735 1032 3791 civis
1048 3736 1227 3809 perferant:

92 3951 180 3982 *n
