2817 4300
539 408 657 454 suoar
681 408 878 456 mnaseas
1169 395 1230 461 157

181 594 243 651 quo
265 595 364 652 pauca
386 596 551 648 monerem,
573 579 741 648 advocavi;
772 579 861 636 simul
889 581 933 637 uti
961 597 1084 638 causam
1113 583 1232 640 consilii

183 676 340 748 aperirem.
394 675 487 733 Scitis
512 676 663 748 equidem,
686 676 809 745 milites,
834 677 972 735 secordia
995 684 1086 752 atque
1108 680 1232 754 ignavia

183 771 305 828 Lentuli
332 777 480 846 quantam
507 773 566 848 ipsi
595 774 714 831 cladem
743 774 891 847 nobisque
921 775 1075 845 attulerit3
1112 793 1231 850 quoque

183 871 282 939 modo,
298 871 370 926 dum
390 889 430 927 ex
451 872 525 928 urbe
547 872 700 945 praesidia
715 872 867 945 opperior,
884 871 914 928 in
931 871 1066 930 Galliam
1081 875 1231 946 proficisci

183 968 380 1039 nequiverim.
419 968 509 1026 Nunc
519 986 580 1042 quo
595 969 625 1024 in
640 969 707 1026 loco
722 987 770 1025 res
786 973 908 1026 nostrae
924 971 996 1038 siut,
1010 971 1099 1042 juxta
1114 989 1230 1028 mecum

183 1082 288 1120 omnes
310 1064 498 1140 intellegitis.
549 1066 712 1123 Exercitus
733 1067 866 1122 hostium
888 1067 959 1136 duc,
984 1085 1061 1123 unus
1083 1068 1121 1124 ab
1144 1069 1229 1138 urbe,

184 1161 261 1218 alter
275 1181 293 1218 a
307 1161 421 1232 Gallia,
438 1163 581 1219 obstant:
604 1163 719 1220 diutius
741 1163 772 1219 in
793 1164 841 1219 his
862 1163 938 1221 locis
956 1182 1032 1235 esse,
1049 1166 1075 1221 si
1089 1184 1231 1222 maxume

184 1260 302 1315 animus
318 1261 406 1329 serat,
420 1261 566 1316 frumenti
581 1265 672 1333 atque
687 1260 814 1317 aliarum
829 1279 929 1317 rerum
940 1269 1062 1337 egestas
1077 1263 1229 1336 probibet,

184 1355 379 1429 Quocumque
395 1357 438 1413 ire
453 1356 563 1430 placet,
580 1358 661 1414 ferro
677 1358 735 1414 iter
750 1359 948 1432 aperiundum
971 1365 1027 1416 est.
1073 1359 1232 1434 Quaprop-

184 1457 230 1510 ter
243 1471 299 1511 vos
321 1471 442 1523 moneo,
465 1455 511 1511 uti
532 1455 606 1511 forti
628 1460 719 1527 atque
741 1461 849 1528 parato
872 1456 972 1512 animo
995 1457 1081 1525 sitis;
1105 1462 1146 1526 et,
1164 1475 1233 1514 cum

183 1551 332 1628 proelium
353 1551 480 1622 intuitis,
504 1551 713 1620 memineritis,
730 1570 785 1610 vos
807 1553 942 1622 divitias,
966 1555 1069 1624 decus,
1091 1555 1230 1629 gloriam,

184 1653 342 1721 praetcrea
365 1649 538 1706 libertatem
561 1655 652 1722 atque
674 1649 804 1724 patriam
829 1649 859 1706 in
882 1651 1000 1707 dextris
1022 1657 1154 1725 portare.
1200 1652 1233 1710 Si

184 1746 344 1816 vincimuS,
370 1747 473 1804 omnia
501 1747 590 1804 nobis
617 1752 695 1816 tuta,
723 1752 910 1804 commeatus
936 1749 1068 1808 abunde,
1096 1749 1232 1807 coloniae

184 1848 275 1916 atque
297 1844 462 1918 municipia
483 1845 649 1918 patebunt:
673 1845 721 1901 sin
742 1851 826 1901 metu
848 1846 1041 1915 cesserimus,
1058 1848 1165 1904 eadem
1179 1847 1233 1904 illa

185 1940 317 1998 advorsa
337 1943 431 1998 fiunt:
463 1959 560 2015 neque
582 1941 675 2012 locus,
698 1950 796 2015 nequ'e
818 1943 933 2000 amicus
954 1944 1113 2017 quisquam
1136 1949 1231 2020 teget,

184 2055 275 2110 quem
299 2057 383 2095 arma
408 2056 470 2095 non
494 2039 638 2096 texerint.
692 2040 866 2110 Praeterea,
891 2041 1013 2110 milites,
1040 2059 1100 2097 non
1126 2043 1233 2099 eadem

185 2137 273 2193 nobis
298 2141 330 2194 et
357 2137 417 2194 illis
445 2136 639 2195 necessitudo
668 2137 841 2211 impendet:
876 2156 932 2195 nos
955 2156 1011 2213 pro
1040 2139 1150 2213 patria,
1177 2158 1233 2215 pro

184 2233 338 2304 libertate,
351 2252 406 2309 pro
419 2236 482 2292 vita
497 2239 648 2291 certamus
661 2253 668 2303 ;
690 2234 751 2291 illis
763 2252 1022 2308 supervacaneum
1035 2244 1082 2293 est
1097 2255 1233 2313 pugnare

184 2349 240 2405 pro
265 2332 403 2406 potentia
431 2349 607 2406 paucorum.
662 2331 730 2405 Quo
758 2332 904 2390 audacius
933 2334 1144 2409 adgredimini,
1172 2353 1232 2392 me-

184 2446 284 2485 mores
306 2429 453 2503 pristinae
468 2430 601 2487 virtutis.
646 2429 748 2486 Licuit
769 2430 869 2499 nobis,
887 2447 954 2487 cum
972 2448 1090 2487 summa
1104 2432 1233 2505 turpitu-

184 2527 266 2595 dine,
294 2526 325 2582 iu
350 2527 443 2583 exilio
468 2531 601 2583 aetatem
626 2544 735 2602 agere:
769 2527 913 2601 potuistis
939 2528 1075 2584 nonnulli
1103 2529 1231 2598 Romae,

185 2624 306 2680 amissis
334 2624 435 2693 bonis,
463 2624 579 2680 alienas
606 2641 681 2697 opes
710 2630 900 2698 exspectare.
955 2624 1034 2698 Quia
1062 2625 1113 2683 illa
1141 2628 1233 2683 foeda

185 2727 276 2793 atque
300 2720 491 2778 intoleranda
513 2721 588 2779 viris
611 2721 804 2791 videbantur,
832 2722 906 2779 haec
932 2724 1018 2796 sequi
1043 2723 1232 2781 decrevistis

186 2816 218 2875 Si
241 2818 410 2891 relinquere
435 2818 539 2889 voltiS,
564 2819 692 2875 audacia
715 2836 792 2893 opus
817 2824 882 2877 cst:
915 2838 1015 2889 nemo,
1041 2821 1099 2877 nisi
1122 2822 1231 2891 victor,

185 2915 393 2988 pace-bellum
414 2916 555 2973 mutavit.
609 2916 690 2973 Nam
712 2916 743 2972 iu
764 2917 837 2991 fuga
859 2916 987 2974 salutem
1010 2936 1144 2991 sperare,
1164 2937 1232 2975 cum

186 3029 280 3081 arma,
307 3013 375 3086 quis
400 3030 510 3087 corpus
533 3013 656 3089 tegitur,
684 3013 723 3069 ab
748 3013 888 3070 hostibus
914 3015 1073 3084 averteris,
1101 3034 1137 3072 ea
1161 3034 1233 3072 vero

186 3108 338 3166 dementia
360 3114 418 3167 cst,
462 3110 588 3184 Semper
601 3110 632 3166 in
650 3109 963 3183 proeliomaxumum
985 3116 1033 3168 est
1054 3112 1231 3186 periculum,
1270 3189 1274 3195 ³

186 3205 238 3278 qui
257 3223 398 3263 maxume
413 3207 539 3265 timent:
569 3207 698 3265 audacia
719 3225 774 3281 pro
795 3225 881 3264 muro
902 3208 1041 3265 habetur.
1086 3208 1163 3266 Cum
1177 3228 1233 3267 vos

186 3303 358 3373 consider0,
375 3304 497 3374 militae,
520 3310 641 3362 etcum
662 3305 747 3362 factu
762 3309 865 3362 vestra
887 3310 1036 3374 aestumo,
1055 3324 1165 3383 magna
1186 3326 1233 3365 me

185 3418 257 3474 spes
264 3388 414 3461 ‚victoriae
429 3406 523 3459 tenet.
561 3402 704 3472 Animus,
718 3406 816 3471 aetas,
830 3402 927 3459 virtus
939 3408 1043 3459 vestra
1054 3404 1213 3461 hortantur
1225 3423 1232 3473 ;

185 3504 344 3573 praeterea
358 3500 563 3569 necessitudo,
576 3517 654 3572 quae
669 3498 761 3556 etiam
776 3498 900 3555 timidos
916 3500 1006 3556 fortis
1022 3500 1108 3558 iacit.
1153 3503 1232 3558 Nam

185 3596 348 3653 multitudo
369 3597 503 3653 hostium
523 3615 561 3653 ne
583 3597 800 3654 circumvenire
814 3602 917 3669 queat,
940 3597 1101 3670 probibent
1123 3616 1234 3674 angus-

185 3693 256 3750 tiae.
302 3692 390 3766 Quod
406 3694 432 3750 si
448 3694 551 3751 virtuti
563 3699 684 3751 vestrae
699 3696 825 3750 fortuna
840 3693 993 3761 inviderit,
1011 3700 1129 3767 cavete,
1146 3696 1234 3753 inulti

185 3791 318 3848 animam
339 3790 507 3858 amittatis3
537 3808 594 3848 neu
617 3790 699 3864 capti
722 3789 835 3863 potius,
853 3790 943 3848 sicuti
965 3808 1086 3865 peoora,
1103 3794 1234 3852 trucide-
