2817 4300
532 376 696 439 vanarn's
721 395 853 438 munio.
1153 375 1216 439 107

242 565 299 622 Ille
314 565 436 639 quidem
451 565 489 621 ad
504 582 644 638 superos,
661 582 789 636 quorum
806 581 838 620 se
853 560 1000 621 ldevovet
1014 564 1086 632 aris,

244 663 387 719 succedet
402 663 486 717 lama
501 661 649 733 vivusque
664 679 718 736 per
733 678 787 717 ora
802 663 936 720 leretur:
1160 667 1217 717 235

244 777 300 815 nos
315 759 415 832 patria
429 759 542 815 amissa
556 758 687 815 dominis
702 776 808 832 parere
824 759 964 832 superbis

240 874 393 932 cogemur,
410 857 461 929 qui
477 875 557 913 nunc
570 852 660 912 ²lenti
675 857 868 913 consedimus
884 857 987 914 arvis'

244 953 371 1010 Talibus
386 954 511 1011 incensa
525 958 573 1010 est
587 954 732 1011 iuvenum
747 952 899 1010 sententia
914 953 1004 1010 dictis

145 1115 150 1124 ι
244 1051 305 1108 iam
319 1051 416 1127 magis
431 1057 522 1124 atque
538 1052 647 1127 magis,
664 1052 819 1125 serpitque
835 1069 889 1124 per
903 1050 1026 1125 agmina
1040 1069 1190 1120 murmur;

246 1150 303 1223 ipsi
318 1148 487 1206 Laurentes
502 1150 610 1206 mutati
625 1149 743 1222 ipsique
760 1148 871 1204 Latini.
1161 1153 1218 1203 240

246 1245 305 1319 Qui
319 1246 377 1303 sibi
392 1246 453 1303 iam
467 1247 601 1320 requiem
617 1264 737 1322 pugnae
754 1246 903 1318 rebusque
919 1247 1048 1303 salutem

247 1344 422 1417 sperabant,
438 1361 520 1400 nunc
534 1362 618 1400 arma
632 1343 740 1400 volunt
754 1343 922 1416 foedusque
938 1347 1100 1416 precantur

247 1441 394 1499 infectum
408 1447 440 1498 et
453 1422 549 1497 Turni
564 1447 679 1498 sortem
692 1441 877 1498 miserantur
891 1441 1036 1513 iniquam.

474 1621 612 1680 Juturao
626 1619 722 1675 shows
736 1636 757 1675 u
769 1621 910 1693 prodiqy.

247 1734 305 1791 His
320 1735 402 1792 aliud
416 1735 514 1791 maius
529 1735 657 1791 Iuturna
671 1733 811 1809 adiungit
825 1738 857 1790 et
870 1733 932 1790 alto

248 1832 302 1888 dat
316 1832 435 1907 signum
451 1831 547 1900 ecclc,
564 1848 624 1904 quo
639 1849 698 1888 non
714 1828 923 1905 ³praesentius
937 1830 1032 1888 ullum
1163 1839 1220 1889 245

248 1929 382 1986 turbavit
395 1934 514 1985 mentes
527 1928 624 1985 Italas
639 1933 836 2002 monstroque
852 1928 973 1986 fefellit.

249 2026 386 2098 Namque
400 2025 508 2082 volans
524 2026 615 2082 rubra
630 2025 734 2083 fulvus
749 2026 833 2083 lovis
849 2025 913 2082 ales
928 2026 959 2082 in
975 2028 1082 2083 aethra

247 2121 370 2180 litoreas
386 2123 524 2199 agitabat
538 2141 610 2181 aves
625 2123 806 2198 turbamque
821 2129 982 2182 sonantem

248 2221 376 2296 agminis
391 2220 507 2297 aligeri,
524 2221 626 2278 subito
641 2238 710 2278 cum
724 2222 829 2295 lapsus
844 2223 883 2279 ad
899 2223 995 2279 undas

248 2336 375 2394 cycnum
392 2317 592 2376 excellentem
608 2320 738 2394 pedibus
751 2320 835 2392 rapit
848 2318 1004 2393 improbus
1018 2320 1116 2376 uncis.
1164 2326 1222 2376 250

247 2415 421 2474 ‘Adrexere
435 2416 553 2472 animos
568 2417 651 2485 Itali,
668 2422 855 2490 cunctaeque
871 2416 1009 2473 volucres

248 2519 430 2572 convertunt
444 2514 575 2571 clamore
591 2515 709 2590 fugam,
727 2514 865 2570 mirabile
880 2514 958 2583 visu,

248 2613 432 2685 aetheraque
447 2612 614 2668 obscurant
628 2612 737 2685 pennis
752 2612 930 2684 hostemque
945 2629 1000 2685 per
1013 2629 1102 2668 auras

248 2710 333 2766 facta
347 2710 427 2766 nube
442 2713 594 2783 premunt,
611 2709 709 2765 donec
724 2709 755 2766 vi
769 2709 869 2766 victus
884 2714 916 2765 et
930 2708 996 2782 ipso

249 2807 383 2880 pondere
397 2806 523 2872 defecit,
537 2806 742 2879 praedamque
758 2805 963 2881 exanguibus
979 2805 1042 2861 ales
1164 2812 1221 2861 255

248 2903 376 2977 proiecit
389 2903 481 2960 fluvio
493 2903 674 2976 penitusque
690 2902 721 2958 in
737 2902 841 2959 nubila
856 2902 946 2976 fugit.

300 3081 380 3155 They
394 3082 461 3138 take
476 3098 538 3138 new
552 3098 690 3155 couroye,
707 3082 770 3137 aad
789 3081 967 3137 Tolumnius
980 3081 1096 3153 speaks.

247 3196 326 3252 Tum
341 3214 413 3253 vero
428 3195 586 3271 augurium
602 3194 706 3251 Rutuli
722 3194 852 3251 clamore
868 3194 1003 3251 salutant

249 3294 476 3367 expediuntque
493 3309 619 3360 manus3
636 3292 810 3365 primusque
826 3291 1005 3348 Tolumnius
1021 3310 1117 3367 augur

220 3473 227 3503 ¹
241 3476 363 3534 devovet,
384 3474 486 3523 devotas.

218 3556 313 3616 ²leuti,
325 3555 437 3621 slqur‘slt,
450 3554 513 3616 aloru,
526 3555 590 3618 lazy.

218 3638 417 3702 ⁸praesentius:
435 3654 487 3688 non
500 3638 572 3687 aliud
584 3645 639 3687 tam
651 3638 752 3687 clarum
771 3644 797 3687 et
814 3636 986 3686 manifestum
1003 3652 1120 3699 unquam
1138 3636 1224 3685 visum

174 3720 263 3770 fuerat
275 3736 290 3769 a
302 3721 412 3770 Latinis.
420 3748 453 3757 -
461 3720 570 3769 Herus.

217 3803 229 3835 ⁴
241 3803 366 3852 adrexere
378 3825 403 3845 =
416 3802 588 3852 sustulerunt.
