2817 4300
165 350 205 414 20
468 365 601 412 novun
624 365 908 412 nasrannurun.

206 544 242 593 31
265 537 354 593 Dixit
368 542 526 610 practerea
540 535 702 604 Dominus,
720 533 777 592 Cui
791 553 864 610 ergo
879 534 1054 591 assimilabo
1075 533 1214 592 homines

165 634 298 691 nationis
313 632 422 690 istius?
444 639 475 691 et
489 633 537 691 cui
551 633 596 690 rei
610 633 726 689 similes
741 631 834 688 sunt?

206 738 243 788 32
267 730 387 788 Similes
402 709 474 787 su'nt
488 730 623 804 puerulis
640 730 818 787 sedentibus
840 730 871 785 in
893 731 974 799 foro,
991 734 1022 786 et
1043 729 1095 802 qui
1116 728 1214 785 accla-

165 835 251 886 mant
273 829 324 887 alii
348 828 425 898 aliis,
452 836 482 884 et
505 827 621 892 dicunt,
648 823 849 885 150001111111110
874 827 962 884 vobis
986 827 1081 895 tibiis,
1098 831 1130 882 et
1152 843 1214 882 non

165 926 321 994 saltastis3
343 925 503 982 lamentati
518 942 621 980 sumus
636 925 736 994 101110,
754 929 785 981 01
799 942 860 981 non
875 923 1015 981 flevistis.

206 1030 243 1079 33
265 1023 358 1080 Venit
379 1023 459 1079 enim
480 1023 618 1079 loannes
639 1021 792 1097 Baptista,
810 1038 908 1094 neque
929 1017 1050 1076 160110110
1065 1016 1212 1094 1⁷panem,

165 1138 263 1194 neque
278 1121 387 1177 bibens
402 1119 525 1188 vinum3
549 1124 579 1176 et
600 1118 713 1188 dicitis,
730 1119 934 1175 Daemonium
948 1119 1051 1175 habet.

206 1226 244 1274 34
265 1217 360 1274 Venit
374 1216 469 1273 Filius
484 1216 615 1273 hominis
631 1217 725 1273 edens
740 1234 776 1273 ac
790 1217 917 1284 bibens3
940 1222 972 1273 et
992 1214 1104 1284 dicitis,
1121 1215 1212 1283 Ecce,

165 1317 256 1372 homo
271 1316 362 1384 edax,
380 1319 411 1371 et
424 1314 488 1372 vini
502 1309 523 1344 ¹⁸
530 1319 629 1388 potor,
647 1313 762 1371 amicus
778 1313 1009 1388 publicanorum
1024 1331 1061 1370 ac
1081 1308 1215 1386 1⁹pecca-

165 1413 282 1470 torum!

206 1517 243 1566 35
267 1508 328 1568 Sed
339 1509 507 1582 justificata
522 1513 569 1564 est
584 1506 743 1582 Sapientia
758 1526 777 1564 a
791 1507 859 1581 filiis
875 1509 938 1564 suis
958 1507 1110 1564 omnibus.

207 1613 244 1663 36
265 1605 435 1681 {Rogavit
456 1611 559 1662 autem
580 1623 647 1662 enm
669 1605 794 1678 quidam
815 1623 854 1662 ex
876 1605 1049 1662 Pharisaeis
1063 1608 1099 1661 ut
1113 1621 1215 1661 secum

166 1704 267 1762 cibum
288 1709 428 1776 caperet:
452 1702 554 1775 itaque
576 1701 734 1777 ingressus
755 1703 879 1759 domum
902 1702 1061 1759 Pharisaei
1088 1697 1215 1758 11’1110011-

166 1801 241 1859 buit.

207 1905 243 1956 37
267 1899 309 1954 Et
330 1915 410 1968 ecce,
429 1897 546 1967 mulier,
560 1915 637 1971 quae
659 1898 763 1955 fuerat
776 1897 808 1954 in
823 1897 896 1954 urbe
912 1893 1107 1971 ”peccatrix
1124 1914 1217 1970 quum

167 1995 364 2072 cognovisset
378 2013 446 2051 eum
464 1994 655 2051 discubuisse
670 1995 702 2051 in
717 1996 808 2051 domo
828 1994 998 2064 Pharisaei,
1013 1989 1133 2050 ²2allato
1154 1992 1216 2050 ala-

166 2095 272 2151 bastro
294 2093 451 2169 unguenti,

209 2198 246 2248 38
268 2192 309 2248 Et
331 2197 417 2248 stans
440 2191 521 2264 apud
543 2190 636 2265 pedes
658 2192 726 2264 ejus
747 2195 841 2260 retro,
857 2190 933 2247 flens
954 2189 1057 2264 coepit
1072 2188 1216 2265 lacrymis

167 2290 266 2366 rigare
281 2289 375 2363 pedes
390 2289 469 2361 ejuS,
486 2295 517 2345 et
531 2288 648 2362 capillis
664 2288 774 2362 capitis
789 2287 836 2344 sui
857 2283 1076 2363 liextergebat,
1093 2291 1124 2343 et
1145 2287 1217 2343 deo·

167 2387 343 2445 sculabatur
358 2385 452 2460 pedes
468 2388 546 2459 ejus,
564 2391 595 2442 01
609 2392 766 2460 unguento
782 2385 926 2461 ungebat.

208 2492 245 2540 39
269 2483 370 2557 Quum
386 2489 487 2540 autem
502 2483 533 2539 id
548 2482 677 2539 vidisset
690 2482 874 2538 Pharisaeus
889 2482 940 2555 qui
955 2486 1121 2539 vocaverat
1134 2498 1215 2551 eum,

167 2582 248 2639 dixit
263 2582 344 2655 apud
359 2600 403 2650 se,
421 2582 491 2650 Hic,
509 2580 535 2636 si
550 2585 633 2636 esset
652 2580 811 2653 propheta,
827 2575 960 2635 ”nasset
981 2597 1058 2653 quae
1074 2583 1105 2636 et
1118 2578 1217 2652 qualis

168 2679 208 2735 sit
223 2696 260 2735 ea
275 2679 382 2734 mulier
396 2694 473 2751 quae
489 2677 589 2752 tangit
603 2678 714 2750 ipsum,
731 2677 813 2750 quod
832 2676 965 2733 uidelicet
986 2678 1027 2733 sit
1047 2676 1214 2751 peccatrix.

208 2783 247 2832 40
268 2776 355 2831 Tunc
370 2775 559 2847 respondens
573 2775 594 2831 J
596 2792 666 2830 esus
681 2774 762 2831 dixit
776 2775 814 2843 ei,
832 2773 949 2845 Simon,
962 2775 1060 2831 habeo
1071 2774 1217 2847 quiddam

168 2874 250 2946 quod
265 2872 321 2929 tibi
336 2872 446 2927 dicam.
489 2871 534 2927 At
549 2871 598 2927 ille
614 2872 667 2940 ait,
685 2871 847 2946 Magister,
863 2872 923 2928 dic.

288 3020 309 3052 ¹⁵
327 3020 483 3069 cecinimus:
505 3034 578 3080 cano,
591 3032 693 3081 canere,
706 3022 797 3081 cecini,
809 3027 924 3069 cantum.
956 3020 1080 3082 (English
1091 3019 1182 3084 etant.)

289 3102 310 3135 ¹⁶
327 3103 421 3151 edens:
440 3118 492 3166 syn.
507 3118 606 3163 vescor,
619 3104 707 3151 cibum
720 3118 812 3166 capere
828 3103 875 3166 (see
887 3119 953 3150 verse
964 3102 1019 3167 36),
1029 3118 1119 3165 pasco.

288 3184 309 3218 1⁷
327 3200 431 3247 panem,
444 3183 525 3231 dread.

288 3267 309 3300 1⁸
327 3273 417 3330 potor:
436 3284 488 3332 syn.
500 3268 614 3315 bibulus.

289 3349 310 3383 11
327 3356 497 3412 peccatorum
510 3372 534 3392 =
547 3350 683 3398 hominum
696 3351 844 3415 impiorum.

288 3432 309 3464 11
328 3432 495 3480 discubuit:
509 3434 630 3481 recubuit
645 3434 797 3498 (recumbit)
812 3433 839 3480 in
851 3432 981 3481 convivio.

288 3514 310 3547 11
327 3515 461 3577 peccatrix
473 3536 497 3556 =
511 3514 606 3563 mulier
617 3515 765 3577 impudens.

288 3596 310 3629 11
327 3599 458 3646 alabastro
472 3599 607 3658 unguenti,
619 3596 742 3645 alabaster
754 3598 798 3645 box
809 3598 966 3662 ffointment.

289 3679 311 3711 11
328 3681 488 3741 extergebat,
501 3680 587 3743 wiped.

289 3761 310 3793 11
328 3762 415 3810 nosset
430 3762 579 3826 (novisset),
589 3762 657 3826 from
670 3776 758 3810 nosco.
