2817 4300
181 346 242 408 106
365 362 582 408 sanncrrons
605 363 706 409 raon
729 363 840 410 sarm
865 365 1045 452 persons.

254 532 286 588 in
300 533 452 588 flammam
467 528 621 608 1iugulant
635 533 767 607 pecudes
783 541 814 591 et
828 535 947 592 viscera
960 536 1039 592 vivis

181 637 238 688 215
254 629 387 702 eripiunt
401 629 616 703 cumulantque
631 632 767 687 oneratis
782 627 936 688 ²lancibus
951 651 1030 688 aras.

501 785 561 843 Tire
576 787 685 844 Rutuli
697 806 778 862 prom
792 789 917 845 restless.

295 904 341 959 At
354 920 427 959 vero
442 901 564 958 Rutulis
582 901 669 975 inpar
683 920 721 958 ea
735 920 838 978 pugna
851 901 963 960 ³videri

256 1000 432 1058 iamdudum
447 1003 479 1055 et
494 999 578 1056 varic
593 999 714 1056 misceri
729 1009 852 1072 pectora
866 1006 969 1070 mctu;

257 1105 321 1154 tum
336 1098 445 1173 magis,
462 1101 496 1153 ut
511 1097 636 1170 propius
653 1102 782 1154 cernunt
795 1094 872 1153 *non
888 1098 1004 1155 viribus
1019 1100 1135 1172 aequis.

256 1195 394 1252 Adiuvat
409 1195 529 1251 incessu
545 1195 640 1251 tacito
656 1212 837 1269 progressus
852 1200 884 1252 et
898 1213 981 1252 aram

184 1299 242 1350 220
257 1291 434 1366 suppliciter
448 1309 598 1349 venerans
613 1292 749 1348 demisso
763 1292 875 1349 lumine
890 1293 1012 1349 Turnus

256 1387 474 1462 ⁵tabentesque
488 1407 586 1465 genae
602 1394 633 1446 et
648 1389 780 1447 iuvenali
795 1390 826 1446 in
842 1408 967 1464 corpore
983 1390 1089 1465 pallor.

258 1487 353 1559 Quem
369 1486 458 1543 simul
473 1505 508 1544 ac
523 1488 652 1544 Iuturna
666 1505 753 1544 soror
766 1483 973 1545 “crebrescere
988 1488 1065 1545 vidit

258 1601 428 1641 sermonem
443 1590 474 1641 et
487 1584 570 1660 volgi
585 1585 703 1641 variare
719 1585 855 1642 labantia
868 1586 972 1654 corda,

257 1683 288 1738 in
304 1683 420 1739 medias
435 1682 528 1748 acies,
545 1683 675 1738 formam
691 1682 875 1740 adsimulata
890 1682 1034 1750 Camerti,

185 1787 242 1838 225
258 1779 306 1843 cui
320 1797 416 1855 genus
432 1797 450 1835 a
465 1779 587 1854 proavis
602 1780 711 1856 ingens
727 1781 899 1853 clarumque
916 1786 1060 1854 paternae

259 1895 367 1933 nomen
384 1881 451 1933 erat
464 1876 598 1946 virtutis,
616 1877 727 1951 etipse
742 1878 907 1934 acerrimus
921 1878 1024 1934 armis.

258 1974 290 2030 in
306 1975 420 2031 medias
441 1974 495 2030 dat
509 1992 577 2030 sese
593 1975 675 2031 acies
690 1975 772 2031 haud
787 1975 891 2032 nescia
904 1992 1003 2031 rernm

258 2088 453 2144 rumoresque
467 2068 562 2128 ⁷serit
575 2071 678 2128 varios
693 2089 730 2129 ac
744 2071 819 2128 talia
833 2073 932 2128 satur:

459 2219 595 2278 Juturac
610 2220 771 2292 influeacea
785 2220 831 2275 tire
844 2220 961 2293 peoplc.

260 2334 352 2391 ‘Non
365 2330 487 2408 ⁸pndet,
504 2330 531 2390 Ο
547 2332 664 2401 Rutuli,
681 2350 738 2407 pro
752 2335 871 2391 cunctis
886 2333 997 2391 talibus
1010 2352 1101 2391 unam

186 2438 244 2490 230
259 2432 411 2488 obiectare
427 2428 580 2486 animam?
621 2430 797 2488 Numerone
812 2450 852 2487 an
866 2432 981 2488 viribus
997 2430 1085 2505 aequi

259 2547 319 2585 non
335 2527 460 2585 sumus?
500 2528 547 2586 En
563 2546 669 2586 omnes
684 2536 716 2585 et
729 2529 826 2585 Troes
841 2534 872 2585 et
886 2528 1023 2585 Arcades
1038 2529 1069 2584 hi
1084 2534 1155 2585 sunt

260 2615 431 2699 fatalesque
447 2644 566 2694 manus,
585 2626 705 2682 infensa
720 2626 844 2682 Etruria
857 2626 979 2681 Turno:

259 2724 312 2780 vix
326 2725 456 2792 hostem,
472 2719 597 2779 ⁹alterni
613 2723 639 2779 si
654 2723 897 2798 congrediamur,
914 2723 1071 2779 habemus.

228 2862 238 2895 ¹
250 2862 387 2923 iugulant:
405 2878 457 2925 syn.
471 2861 611 2922 trucidare,
624 2861 781 2921 interficere,
793 2876 898 2920 necare,
912 2862 1038 2910 occidere.

228 2944 379 3004 ²lancibus,
394 2943 481 3007 plutas,
496 2943 606 3008 platters.

228 3027 239 3059 ⁸
251 3028 348 3076 videri:
366 3027 486 3089 infinitis-e
496 3028 542 3091 sor
553 3026 696 3077 indicative.

227 3110 238 3142 ⁴
250 3126 303 3160 uon
315 3111 415 3159 viribus
428 3112 533 3172 aequis:
553 3111 598 3171 i.e.,
610 3112 642 3176 of
648 3111 747 3160 AEneas
759 3112 812 3161 and
826 3112 931 3161 Turnus.

227 3192 378 3243 ⁶tabentes.
413 3191 485 3241 Some
498 3192 561 3241 Mss.
574 3193 636 3243 lave
652 3196 789 3258 pubentes.
828 3196 878 3245 The
896 3196 1007 3261 meauiuq
1026 3195 1047 3245 is
1065 3193 1117 3244 ttat
1133 3195 1165 3259 of
1176 3209 1236 3243 con-

184 3277 279 3336 fectae,
291 3276 344 3325 aad
355 3292 381 3324 ro
392 3275 443 3323 ilat
455 3277 487 3340 of
494 3278 660 3339 impotentes.
860 3281 863 3286 '

226 3358 238 3391 ⁶
249 3361 414 3409 crebrescere
426 3360 494 3408 vidit
507 3374 671 3410 sermonem:
689 3365 704 3387 “
715 3358 776 3410 Saw
788 3360 848 3410 their
859 3360 973 3427 wlispers
982 3362 1075 3427 prowJ'

228 3441 237 3474 ⁷
249 3443 328 3491 serit:
346 3459 399 3507 syn.
413 3458 545 3505 spargere,
558 3444 694 3492 seminare.

227 3523 345 3588 ⁸pndst:
364 3525 428 3589 osten
441 3542 473 3572 an
487 3524 607 3586 infinitice
625 3542 651 3574 or
663 3525 785 3587 infinitivo
804 3525 883 3576 clause
903 3528 924 3576 is
941 3527 1002 3577 used
1018 3528 1043 3577 in
1064 3526 1135 3592 place
1152 3529 1184 3593 of
1197 3526 1234 3577 tie

183 3606 254 3654 asrael
263 3624 316 3671 qen.
328 3606 450 3671 youcrned
467 3607 497 3671 by
509 3606 556 3654 ilis
567 3608 629 3655 verb.

226 3689 238 3721 ⁹
250 3690 345 3738 alterni
358 3690 380 3738 si
392 3688 608 3749 congrediamur:
627 3686 683 3752 “Is
695 3705 728 3737 we
745 3696 811 3749 nicet,
823 3689 881 3739 saci
893 3690 981 3739 second
998 3708 1054 3740 maa
1066 3690 1128 3741 stall
1139 3689 1234 3757 sccatly

183 3769 246 3831 find
257 3787 273 3818 a
284 3770 522 3834 soe.’'-Monms.
