<?xml version="1.0" encoding="UTF-8"?>
<!DOCTYPE html PUBLIC "-//W3C//DTD XHTML 1.0 Transitional//EN"
    "http://www.w3.org/TR/xhtml1/DTD/xhtml1-transitional.dtd">
<html xmlns="http://www.w3.org/1999/xhtml" xml:lang="en" lang="en">
 <head>
  <title>
</title>
<meta http-equiv="Content-Type" content="text/html;charset=utf-8" />
  <meta name='ocr-system' content='tesseract 3.04.00' />
  <meta name='ocr-capabilities' content='ocr_page ocr_carea ocr_par ocr_line ocrx_word'/>
</head>
<body>
  <div class='ocr_page' id='page_1' title='image "./selectionsfroml01tomlgoog_0221.png"; bbox 0 0 2817 4300; ppageno 0'>
   <div class='ocr_carea' id='block_1_1' title="bbox 551 383 891 430">
    <p class='ocr_par' dir='ltr' id='par_1_1' title="bbox 551 383 891 430">
     <span class='ocr_line' id='line_1_1' title="bbox 551 383 891 430; baseline 0.006 -2"><span class='ocrx_word' id='word_1_1' title='bbox 551 383 667 428; x_wconf 81' lang='lat' dir='ltr'><strong>SHORT</strong></span> <span class='ocrx_word' id='word_1_2' title='bbox 691 383 891 430; x_wconf 81' lang='lat' dir='ltr'>EXTRAGTS.</span> 
     </span>
    </p>
   </div>
   <div class='ocr_carea' id='block_1_2' title="bbox 477 604 967 664">
    <p class='ocr_par' dir='ltr' id='par_1_2' title="bbox 477 604 967 664">
     <span class='ocr_line' id='line_1_2' title="bbox 477 604 967 664; baseline 0.004 -4"><span class='ocrx_word' id='word_1_3' title='bbox 477 604 525 660; x_wconf 80' lang='lat'>95.</span> <span class='ocrx_word' id='word_1_4' title='bbox 556 604 680 661; x_wconf 75' lang='lat' dir='ltr'>Turnus</span> <span class='ocrx_word' id='word_1_5' title='bbox 701 622 766 660; x_wconf 74' lang='lat' dir='ltr'>Anu</span> <span class='ocrx_word' id='word_1_6' title='bbox 788 623 849 661; x_wconf 83' lang='lat' dir='ltr'>rna</span> <span class='ocrx_word' id='word_1_7' title='bbox 870 607 967 664; x_wconf 82' lang='lat' dir='ltr'>Kruc.</span> 
     </span>
    </p>
   </div>
   <div class='ocr_carea' id='block_1_3' title="bbox 193 750 1266 3852">
    <p class='ocr_par' dir='ltr' id='par_1_3' title="bbox 193 750 1266 3561">
     <span class='ocr_line' id='line_1_3' title="bbox 236 750 1247 826; baseline 0.005 -17"><span class='ocrx_word' id='word_1_8' title='bbox 236 751 315 809; x_wconf 93' lang='lat' dir='ltr'>Tum</span> <span class='ocrx_word' id='word_1_9' title='bbox 338 750 479 808; x_wconf 88' lang='lat' dir='ltr'>Albanus</span> <span class='ocrx_word' id='word_1_10' title='bbox 508 752 673 821; x_wconf 88' lang='lat' dir='ltr'>exercitus,</span> <span class='ocrx_word' id='word_1_11' title='bbox 699 758 857 826; x_wconf 87' lang='lat' dir='ltr'>spectator</span> <span class='ocrx_word' id='word_1_12' title='bbox 884 755 1070 825; x_wconf 89' lang='lat' dir='ltr'>certaminis,</span> <span class='ocrx_word' id='word_1_13' title='bbox 1097 755 1247 814; x_wconf 88' lang='lat' dir='ltr'>deductus</span> 
     </span>
     <span class='ocr_line' id='line_1_4' title="bbox 196 847 1247 927; baseline 0.006 -23"><span class='ocrx_word' id='word_1_14' title='bbox 196 847 228 904; x_wconf 92' lang='lat' dir='ltr'>in</span> <span class='ocrx_word' id='word_1_15' title='bbox 243 865 377 922; x_wconf 89' lang='lat' dir='ltr'>campos.</span> <span class='ocrx_word' id='word_1_16' title='bbox 415 847 533 904; x_wconf 80' lang='lat' dir='ltr'>Mettus</span> <span class='ocrx_word' id='word_1_17' title='bbox 548 849 638 906; x_wconf 87' lang='lat' dir='ltr'>Tullo</span> <span class='ocrx_word' id='word_1_18' title='bbox 653 850 792 906; x_wconf 88' lang='lat' dir='ltr'>devictos</span> <span class='ocrx_word' id='word_1_19' title='bbox 807 851 912 908; x_wconf 89' lang='lat' dir='ltr'>hostes</span> <span class='ocrx_word' id='word_1_20' title='bbox 926 851 1116 927; x_wconf 81' lang='lat' dir='ltr'><strong>gratulatur:</strong></span> <span class='ocrx_word' id='word_1_21' title='bbox 1140 858 1247 910; x_wconf 89' lang='lat' dir='ltr'>contra</span> 
     </span>
     <span class='ocr_line' id='line_1_5' title="bbox 196 945 1247 1022; baseline 0.005 -20"><span class='ocrx_word' id='word_1_22' title='bbox 196 945 302 1002; x_wconf 87' lang='lat' dir='ltr'><strong>Tullus</strong></span> <span class='ocrx_word' id='word_1_23' title='bbox 323 945 456 1002; x_wconf 90' lang='lat' dir='ltr'>Mettum</span> <span class='ocrx_word' id='word_1_24' title='bbox 478 945 608 1022; x_wconf 85' lang='lat' dir='ltr'>benigne</span> <span class='ocrx_word' id='word_1_25' title='bbox 637 947 811 1020; x_wconf 83' lang='lat' dir='ltr'>alloquitur.</span> <span class='ocrx_word' id='word_1_26' title='bbox 856 949 985 1006; x_wconf 87' lang='lat' dir='ltr'>Postero</span> <span class='ocrx_word' id='word_1_27' title='bbox 1013 949 1062 1006; x_wconf 84' lang='lat' dir='ltr'>dis</span> <span class='ocrx_word' id='word_1_28' title='bbox 1083 950 1186 1007; x_wconf 87' lang='lat' dir='ltr'>vocari</span> <span class='ocrx_word' id='word_1_29' title='bbox 1207 952 1247 1008; x_wconf 87' lang='lat' dir='ltr'>ad</span> 
     </span>
     <span class='ocr_line' id='line_1_6' title="bbox 196 1043 1247 1118; baseline 0.005 -18"><span class='ocrx_word' id='word_1_30' title='bbox 196 1043 373 1100; x_wconf 80' lang='lat' dir='ltr'>concionem</span> <span class='ocrx_word' id='word_1_31' title='bbox 384 1048 542 1117; x_wconf 89' lang='lat' dir='ltr'>utrumque</span> <span class='ocrx_word' id='word_1_32' title='bbox 554 1045 722 1101; x_wconf 83' lang='lat' dir='ltr'>exercitum</span> <span class='ocrx_word' id='word_1_33' title='bbox 733 1045 830 1118; x_wconf 88' lang='lat' dir='ltr'>jubet.</span> <span class='ocrx_word' id='word_1_34' title='bbox 864 1046 1047 1116; x_wconf 88' lang='lat' dir='ltr'>Praecones,</span> <span class='ocrx_word' id='word_1_35' title='bbox 1059 1047 1098 1103; x_wconf 89' lang='lat' dir='ltr'>ab</span> <span class='ocrx_word' id='word_1_36' title='bbox 1110 1052 1247 1106; x_wconf 86' lang='lat' dir='ltr'>extremo</span> 
     </span>
     <span class='ocr_line' id='line_1_7' title="bbox 195 1140 1245 1215; baseline 0.006 -19"><span class='ocrx_word' id='word_1_37' title='bbox 195 1140 268 1210; x_wconf 89' lang='lat' dir='ltr'>orsi,</span> <span class='ocrx_word' id='word_1_38' title='bbox 284 1141 399 1214; x_wconf 90' lang='lat' dir='ltr'>primos</span> <span class='ocrx_word' id='word_1_39' title='bbox 414 1141 554 1198; x_wconf 81' lang='lat' dir='ltr'>excivere</span> <span class='ocrx_word' id='word_1_40' title='bbox 568 1141 720 1199; x_wconf 86' lang='lat' dir='ltr'>Albanos.</span> <span class='ocrx_word' id='word_1_41' title='bbox 765 1141 818 1212; x_wconf 94' lang='lat' dir='ltr'>Hi,</span> <span class='ocrx_word' id='word_1_42' title='bbox 836 1144 973 1200; x_wconf 88' lang='lat' dir='ltr'>novitate</span> <span class='ocrx_word' id='word_1_43' title='bbox 988 1144 1081 1201; x_wconf 89' lang='lat' dir='ltr'>etiam</span> <span class='ocrx_word' id='word_1_44' title='bbox 1100 1144 1144 1201; x_wconf 88' lang='lat' dir='ltr'>rei</span> <span class='ocrx_word' id='word_1_45' title='bbox 1159 1145 1245 1215; x_wconf 91' lang='lat' dir='ltr'>moti,</span> 
     </span>
     <span class='ocr_line' id='line_1_8' title="bbox 196 1239 1247 1314; baseline 0.005 -20"><span class='ocrx_word' id='word_1_46' title='bbox 196 1242 230 1294; x_wconf 93' lang='lat' dir='ltr'>ut</span> <span class='ocrx_word' id='word_1_47' title='bbox 257 1255 359 1314; x_wconf 90' lang='lat' dir='ltr'>regem</span> <span class='ocrx_word' id='word_1_48' title='bbox 388 1239 559 1295; x_wconf 83' lang='lat' dir='ltr'>Romanum</span> <span class='ocrx_word' id='word_1_49' title='bbox 584 1240 816 1296; x_wconf 78' lang='lat' dir='ltr'>concionantem</span> <span class='ocrx_word' id='word_1_50' title='bbox 843 1241 994 1309; x_wconf 85' lang='lat' dir='ltr'>audirent,</span> <span class='ocrx_word' id='word_1_51' title='bbox 1019 1241 1150 1314; x_wconf 83' lang='lat' dir='ltr'>proximi</span> <span class='ocrx_word' id='word_1_52' title='bbox 1175 1260 1247 1299; x_wconf 90' lang='lat' dir='ltr'>con·</span> 
     </span>
     <span class='ocr_line' id='line_1_9' title="bbox 196 1336 1245 1415; baseline 0.004 -23"><span class='ocrx_word' id='word_1_53' title='bbox 196 1336 312 1393; x_wconf 87' lang='lat' dir='ltr'>stitere.</span> <span class='ocrx_word' id='word_1_54' title='bbox 356 1336 405 1391; x_wconf 86' lang='lat' dir='ltr'>Ex</span> <span class='ocrx_word' id='word_1_55' title='bbox 427 1337 597 1410; x_wconf 87' lang='lat' dir='ltr'>composito</span> <span class='ocrx_word' id='word_1_56' title='bbox 619 1341 737 1393; x_wconf 86' lang='lat' dir='ltr'>armata</span> <span class='ocrx_word' id='word_1_57' title='bbox 759 1338 965 1395; x_wconf 88' lang='lat' dir='ltr'>circumdatur</span> <span class='ocrx_word' id='word_1_58' title='bbox 986 1339 1125 1395; x_wconf 87' lang='lat' dir='ltr'>Romana</span> <span class='ocrx_word' id='word_1_59' title='bbox 1146 1339 1245 1415; x_wconf 87' lang='lat' dir='ltr'>legio:</span> 
     </span>
     <span class='ocr_line' id='line_1_10' title="bbox 196 1433 1247 1511; baseline 0.004 -21"><span class='ocrx_word' id='word_1_60' title='bbox 196 1433 424 1491; x_wconf 87' lang='lat' dir='ltr'>centurionibus</span> <span class='ocrx_word' id='word_1_61' title='bbox 449 1435 554 1490; x_wconf 92' lang='lat' dir='ltr'>datum</span> <span class='ocrx_word' id='word_1_62' title='bbox 579 1435 734 1509; x_wconf 86' lang='lat' dir='ltr'>negotium</span> <span class='ocrx_word' id='word_1_63' title='bbox 761 1439 837 1504; x_wconf 89' lang='lat' dir='ltr'>erat,</span> <span class='ocrx_word' id='word_1_64' title='bbox 862 1444 896 1492; x_wconf 91' lang='lat' dir='ltr'>ut</span> <span class='ocrx_word' id='word_1_65' title='bbox 921 1436 986 1492; x_wconf 91' lang='lat' dir='ltr'>sine</span> <span class='ocrx_word' id='word_1_66' title='bbox 1011 1453 1096 1493; x_wconf 88' lang='lat' dir='ltr'>mora</span> <span class='ocrx_word' id='word_1_67' title='bbox 1120 1437 1247 1511; x_wconf 87' lang='lat' dir='ltr'>imperia</span> 
     </span>
     <span class='ocr_line' id='line_1_11' title="bbox 196 1531 1246 1604; baseline 0.003 -16"><span class='ocrx_word' id='word_1_68' title='bbox 196 1538 445 1604; x_wconf 82' lang='lat' dir='ltr'>exsequerentur.</span> <span class='ocrx_word' id='word_1_69' title='bbox 490 1532 567 1588; x_wconf 82' lang='lat' dir='ltr'>Tum</span> <span class='ocrx_word' id='word_1_70' title='bbox 590 1532 633 1588; x_wconf 90' lang='lat' dir='ltr'>ita</span> <span class='ocrx_word' id='word_1_71' title='bbox 654 1531 763 1588; x_wconf 82' lang='lat' dir='ltr'>Tullus</span> <span class='ocrx_word' id='word_1_72' title='bbox 785 1532 868 1589; x_wconf 92' lang='lat' dir='ltr'>infit:</span> <span class='ocrx_word' id='word_1_73' title='bbox 901 1537 922 1566; x_wconf 84' lang='grc'>“</span> <span class='ocrx_word' id='word_1_74' title='bbox 937 1533 1078 1604; x_wconf 85' lang='lat' dir='ltr'>Romani,</span> <span class='ocrx_word' id='word_1_75' title='bbox 1103 1534 1246 1592; x_wconf 89' lang='lat' dir='ltr'>hesterno</span> 
     </span>
     <span class='ocr_line' id='line_1_12' title="bbox 196 1629 1246 1706; baseline 0.003 -20"><span class='ocrx_word' id='word_1_76' title='bbox 196 1629 245 1686; x_wconf 89' lang='lat' dir='ltr'>die</span> <span class='ocrx_word' id='word_1_77' title='bbox 273 1629 450 1686; x_wconf 91' lang='lat' dir='ltr'>dimicatum</span> <span class='ocrx_word' id='word_1_78' title='bbox 477 1634 525 1686; x_wconf 89' lang='lat' dir='ltr'>est</span> <span class='ocrx_word' id='word_1_79' title='bbox 553 1646 613 1685; x_wconf 89' lang='lat' dir='ltr'>non</span> <span class='ocrx_word' id='word_1_80' title='bbox 641 1629 741 1705; x_wconf 90' lang='lat' dir='ltr'>magis</span> <span class='ocrx_word' id='word_1_81' title='bbox 769 1648 837 1687; x_wconf 89' lang='lat' dir='ltr'>cum</span> <span class='ocrx_word' id='word_1_82' title='bbox 866 1631 1016 1701; x_wconf 74' lang='lat' dir='ltr'>hostibuS,</span> <span class='ocrx_word' id='word_1_83' title='bbox 1041 1649 1143 1704; x_wconf 91' lang='lat' dir='ltr'>quam,</span> <span class='ocrx_word' id='word_1_84' title='bbox 1168 1649 1246 1706; x_wconf 86' lang='lat' dir='ltr'>quae</span> 
     </span>
     <span class='ocr_line' id='line_1_13' title="bbox 195 1726 1247 1802; baseline 0.003 -18"><span class='ocrx_word' id='word_1_85' title='bbox 195 1726 352 1784; x_wconf 89' lang='lat' dir='ltr'>dimicatio</span> <span class='ocrx_word' id='word_1_86' title='bbox 375 1728 475 1800; x_wconf 88' lang='lat' dir='ltr'>major</span> <span class='ocrx_word' id='word_1_87' title='bbox 499 1731 590 1799; x_wconf 86' lang='lat' dir='ltr'>atque</span> <span class='ocrx_word' id='word_1_88' title='bbox 615 1727 813 1802; x_wconf 86' lang='lat' dir='ltr'>periculosior</span> <span class='ocrx_word' id='word_1_89' title='bbox 838 1733 895 1798; x_wconf 88' lang='lat' dir='ltr'>est,</span> <span class='ocrx_word' id='word_1_90' title='bbox 920 1746 987 1786; x_wconf 91' lang='lat' dir='ltr'>cum</span> <span class='ocrx_word' id='word_1_91' title='bbox 1013 1729 1185 1802; x_wconf 87' lang='lat' dir='ltr'>proditione</span> <span class='ocrx_word' id='word_1_92' title='bbox 1211 1748 1247 1787; x_wconf 87' lang='lat' dir='ltr'>ac</span> 
     </span>
     <span class='ocr_line' id='line_1_14' title="bbox 195 1824 1245 1900; baseline 0.003 -19"><span class='ocrx_word' id='word_1_93' title='bbox 195 1825 322 1899; x_wconf 87' lang='lat' dir='ltr'>perfidia</span> <span class='ocrx_word' id='word_1_94' title='bbox 336 1824 497 1882; x_wconf 86' lang='lat' dir='ltr'>sociorum.</span> <span class='ocrx_word' id='word_1_95' title='bbox 542 1824 634 1894; x_wconf 91' lang='lat' dir='ltr'>Nam,</span> <span class='ocrx_word' id='word_1_96' title='bbox 651 1843 689 1881; x_wconf 92' lang='lat' dir='ltr'>ne</span> <span class='ocrx_word' id='word_1_97' title='bbox 704 1842 760 1882; x_wconf 91' lang='lat' dir='ltr'>vos</span> <span class='ocrx_word' id='word_1_98' title='bbox 775 1824 856 1882; x_wconf 85' lang='lat' dir='ltr'>falsa</span> <span class='ocrx_word' id='word_1_99' title='bbox 870 1825 973 1899; x_wconf 89' lang='lat' dir='ltr'>opinio</span> <span class='ocrx_word' id='word_1_100' title='bbox 995 1831 1108 1896; x_wconf 88' lang='lat' dir='ltr'>teneat,</span> <span class='ocrx_word' id='word_1_101' title='bbox 1126 1827 1245 1900; x_wconf 87' lang='lat' dir='ltr'>injussu</span> 
     </span>
     <span class='ocr_line' id='line_1_15' title="bbox 195 1921 1244 2000; baseline 0.001 -21"><span class='ocrx_word' id='word_1_102' title='bbox 195 1940 263 1979; x_wconf 91' lang='lat' dir='ltr'>meo</span> <span class='ocrx_word' id='word_1_103' title='bbox 277 1921 394 1978; x_wconf 86' lang='lat' dir='ltr'>Albani</span> <span class='ocrx_word' id='word_1_104' title='bbox 408 1922 527 1979; x_wconf 89' lang='lat' dir='ltr'>subiere</span> <span class='ocrx_word' id='word_1_105' title='bbox 542 1923 581 1978; x_wconf 88' lang='lat' dir='ltr'>ad</span> <span class='ocrx_word' id='word_1_106' title='bbox 596 1928 726 1979; x_wconf 88' lang='lat' dir='ltr'>montes.</span> <span class='ocrx_word' id='word_1_107' title='bbox 772 1922 838 1980; x_wconf 89' lang='lat' dir='ltr'>Nec</span> <span class='ocrx_word' id='word_1_108' title='bbox 853 1941 889 1980; x_wconf 89' lang='lat' dir='ltr'>ea</span> <span class='ocrx_word' id='word_1_109' title='bbox 906 1923 1007 1997; x_wconf 87' lang='lat' dir='ltr'>culpa,</span> <span class='ocrx_word' id='word_1_110' title='bbox 1024 1941 1114 1996; x_wconf 92' lang='lat' dir='ltr'>quam</span> <span class='ocrx_word' id='word_1_111' title='bbox 1137 1943 1244 2000; x_wconf 91' lang='lat' dir='ltr'>argu0,</span> 
     </span>
     <span class='ocr_line' id='line_1_16' title="bbox 194 2019 1242 2095; baseline 0.001 -18"><span class='ocrx_word' id='word_1_112' title='bbox 194 2019 328 2077; x_wconf 91' lang='lat' dir='ltr'>omnium</span> <span class='ocrx_word' id='word_1_113' title='bbox 340 2019 530 2076; x_wconf 89' lang='lat' dir='ltr'>Albanorum</span> <span class='ocrx_word' id='word_1_114' title='bbox 542 2024 600 2075; x_wconf 86' lang='lat' dir='ltr'>est.</span> <span class='ocrx_word' id='word_1_115' title='bbox 637 2019 755 2076; x_wconf 90' lang='lat' dir='ltr'>Mettus</span> <span class='ocrx_word' id='word_1_116' title='bbox 771 2019 820 2077; x_wconf 91' lang='lat' dir='ltr'>ille</span> <span class='ocrx_word' id='word_1_117' title='bbox 831 2026 880 2077; x_wconf 90' lang='lat' dir='ltr'>est</span> <span class='ocrx_word' id='word_1_118' title='bbox 890 2021 998 2078; x_wconf 87' lang='lat' dir='ltr'>ductor</span> <span class='ocrx_word' id='word_1_119' title='bbox 1010 2021 1127 2078; x_wconf 86' lang='lat' dir='ltr'>itineris</span> <span class='ocrx_word' id='word_1_120' title='bbox 1143 2023 1242 2095; x_wconf 90' lang='lat' dir='ltr'>hujus,</span> 
     </span>
     <span class='ocr_line' id='line_1_17' title="bbox 194 2116 1245 2190; baseline 0.003 -15"><span class='ocrx_word' id='word_1_121' title='bbox 194 2117 313 2175; x_wconf 87' lang='lat' dir='ltr'>Mettus</span> <span class='ocrx_word' id='word_1_122' title='bbox 329 2116 407 2174; x_wconf 92' lang='lat' dir='ltr'>idem</span> <span class='ocrx_word' id='word_1_123' title='bbox 424 2117 515 2190; x_wconf 85' lang='lat' dir='ltr'>hujus</span> <span class='ocrx_word' id='word_1_124' title='bbox 530 2117 719 2175; x_wconf 89' lang='lat' dir='ltr'>machinator</span> <span class='ocrx_word' id='word_1_125' title='bbox 732 2117 814 2187; x_wconf 89' lang='lat' dir='ltr'>belli,</span> <span class='ocrx_word' id='word_1_126' title='bbox 832 2118 950 2176; x_wconf 86' lang='lat' dir='ltr'>Mettus</span> <span class='ocrx_word' id='word_1_127' title='bbox 966 2119 1099 2176; x_wconf 81' lang='lat' dir='ltr'>foederis</span> <span class='ocrx_word' id='word_1_128' title='bbox 1115 2119 1245 2178; x_wconf 86' lang='lat' dir='ltr'>Romani</span> 
     </span>
     <span class='ocr_line' id='line_1_18' title="bbox 194 2214 1245 2288; baseline 0.004 -15"><span class='ocrx_word' id='word_1_129' title='bbox 194 2215 370 2288; x_wconf 87' lang='lat' dir='ltr'>Albanique</span> <span class='ocrx_word' id='word_1_130' title='bbox 398 2215 535 2288; x_wconf 89' lang='lat' dir='ltr'>ruptor.&#39;&#39;</span> <span class='ocrx_word' id='word_1_131' title='bbox 588 2214 790 2273; x_wconf 84' lang='lat' dir='ltr'>Centuriones</span> <span class='ocrx_word' id='word_1_132' title='bbox 820 2217 928 2273; x_wconf 88' lang='lat' dir='ltr'>armati</span> <span class='ocrx_word' id='word_1_133' title='bbox 957 2218 1089 2273; x_wconf 90' lang='lat' dir='ltr'>Mettum</span> <span class='ocrx_word' id='word_1_134' title='bbox 1118 2218 1245 2277; x_wconf 87' lang='lat' dir='ltr'>circum-</span> 
     </span>
     <span class='ocr_line' id='line_1_19' title="bbox 195 2314 1246 2389; baseline 0.002 -20"><span class='ocrx_word' id='word_1_135' title='bbox 195 2314 327 2370; x_wconf 87' lang='lat' dir='ltr'>sistunt:</span> <span class='ocrx_word' id='word_1_136' title='bbox 349 2330 405 2369; x_wconf 88' lang='lat' dir='ltr'>rcx</span> <span class='ocrx_word' id='word_1_137' title='bbox 420 2318 532 2382; x_wconf 88' lang='lat' dir='ltr'>cetera,</span> <span class='ocrx_word' id='word_1_138' title='bbox 549 2319 583 2369; x_wconf 91' lang='lat' dir='ltr'>ut</span> <span class='ocrx_word' id='word_1_139' title='bbox 603 2330 692 2370; x_wconf 92' lang='lat' dir='ltr'>orsus</span> <span class='ocrx_word' id='word_1_140' title='bbox 714 2318 789 2383; x_wconf 83' lang='lat' dir='ltr'>erat,</span> <span class='ocrx_word' id='word_1_141' title='bbox 807 2314 944 2388; x_wconf 84' lang='lat' dir='ltr'>peragit:</span> <span class='ocrx_word' id='word_1_142' title='bbox 970 2318 991 2348; x_wconf 80' lang='lat'><strong>“</strong></span> <span class='ocrx_word' id='word_1_143' title='bbox 1006 2315 1131 2382; x_wconf 87' lang='lat' dir='ltr'>Albani,</span> <span class='ocrx_word' id='word_1_144' title='bbox 1149 2333 1246 2389; x_wconf 90' lang='lat' dir='ltr'>popu·</span> 
     </span>
     <span class='ocr_line' id='line_1_20' title="bbox 194 2410 1244 2481; baseline 0.002 -14"><span class='ocrx_word' id='word_1_145' title='bbox 194 2410 257 2467; x_wconf 93' lang='lat' dir='ltr'>lum</span> <span class='ocrx_word' id='word_1_146' title='bbox 284 2429 406 2467; x_wconf 91' lang='lat' dir='ltr'>omnem</span> <span class='ocrx_word' id='word_1_147' title='bbox 433 2410 590 2467; x_wconf 90' lang='lat' dir='ltr'>Albanum</span> <span class='ocrx_word' id='word_1_148' title='bbox 617 2411 746 2467; x_wconf 87' lang='lat' dir='ltr'>Romam</span> <span class='ocrx_word' id='word_1_149' title='bbox 781 2412 939 2469; x_wconf 86' lang='lat' dir='ltr'>traducere</span> <span class='ocrx_word' id='word_1_150' title='bbox 975 2412 1006 2468; x_wconf 90' lang='lat' dir='ltr'>in</span> <span class='ocrx_word' id='word_1_151' title='bbox 1041 2413 1143 2469; x_wconf 84' lang='lat' dir='ltr'>animo</span> <span class='ocrx_word' id='word_1_152' title='bbox 1179 2418 1244 2481; x_wconf 87' lang='lat' dir='ltr'>est;</span> 
     </span>
     <span class='ocr_line' id='line_1_21' title="bbox 194 2508 1244 2585; baseline 0.001 -20"><span class='ocrx_word' id='word_1_153' title='bbox 194 2510 351 2567; x_wconf 81' lang='lat' dir='ltr'>civitatem</span> <span class='ocrx_word' id='word_1_154' title='bbox 378 2509 452 2565; x_wconf 87' lang='lat' dir='ltr'>dare</span> <span class='ocrx_word' id='word_1_155' title='bbox 480 2508 580 2582; x_wconf 83' lang='lat' dir='ltr'>plebi3</span> <span class='ocrx_word' id='word_1_156' title='bbox 617 2508 765 2582; x_wconf 89' lang='lat' dir='ltr'>primores</span> <span class='ocrx_word' id='word_1_157' title='bbox 793 2509 825 2565; x_wconf 91' lang='lat' dir='ltr'>in</span> <span class='ocrx_word' id='word_1_158' title='bbox 859 2509 967 2566; x_wconf 88' lang='lat' dir='ltr'>Patres</span> <span class='ocrx_word' id='word_1_159' title='bbox 996 2509 1116 2585; x_wconf 82' lang='lat' dir='ltr'>legere3</span> <span class='ocrx_word' id='word_1_160' title='bbox 1152 2527 1244 2566; x_wconf 90' lang='lat' dir='ltr'>unam</span> 
     </span>
     <span class='ocr_line' id='line_1_22' title="bbox 193 2606 1245 2681; baseline 0 -18"><span class='ocrx_word' id='word_1_161' title='bbox 193 2608 310 2676; x_wconf 87' lang='lat' dir='ltr'>urbem,</span> <span class='ocrx_word' id='word_1_162' title='bbox 328 2625 420 2663; x_wconf 85' lang='lat' dir='ltr'>unam</span> <span class='ocrx_word' id='word_1_163' title='bbox 433 2624 498 2663; x_wconf 88' lang='lat' dir='ltr'>rem</span> <span class='ocrx_word' id='word_1_164' title='bbox 512 2606 664 2681; x_wconf 88' lang='lat' dir='ltr'>publicam</span> <span class='ocrx_word' id='word_1_165' title='bbox 679 2607 791 2663; x_wconf 85' lang='lat' dir='ltr'>iacere.</span> <span class='ocrx_word' id='word_1_166' title='bbox 835 2607 879 2665; x_wconf 89' lang='lat' dir='ltr'>Ut</span> <span class='ocrx_word' id='word_1_167' title='bbox 897 2625 936 2664; x_wconf 89' lang='lat' dir='ltr'>ex</span> <span class='ocrx_word' id='word_1_168' title='bbox 957 2624 1018 2663; x_wconf 92' lang='lat' dir='ltr'>uno</span> <span class='ocrx_word' id='word_1_169' title='bbox 1040 2608 1192 2680; x_wconf 88' lang='lat' dir='ltr'>quondam</span> <span class='ocrx_word' id='word_1_170' title='bbox 1214 2607 1245 2663; x_wconf 89' lang='lat' dir='ltr'>in</span> 
     </span>
     <span class='ocr_line' id='line_1_23' title="bbox 194 2704 1245 2779; baseline 0 -18"><span class='ocrx_word' id='word_1_171' title='bbox 194 2705 272 2761; x_wconf 91' lang='lat' dir='ltr'>dnos</span> <span class='ocrx_word' id='word_1_172' title='bbox 287 2704 416 2779; x_wconf 90' lang='lat' dir='ltr'>populos</span> <span class='ocrx_word' id='word_1_173' title='bbox 431 2704 531 2762; x_wconf 87' lang='lat' dir='ltr'>divisa</span> <span class='ocrx_word' id='word_1_174' title='bbox 541 2704 665 2761; x_wconf 85' lang='lat' dir='ltr'>Albana</span> <span class='ocrx_word' id='word_1_175' title='bbox 674 2721 724 2761; x_wconf 90' lang='lat' dir='ltr'>res</span> <span class='ocrx_word' id='word_1_176' title='bbox 736 2709 793 2773; x_wconf 87' lang='lat' dir='ltr'>est,</span> <span class='ocrx_word' id='word_1_177' title='bbox 806 2704 849 2761; x_wconf 89' lang='lat' dir='ltr'>sic</span> <span class='ocrx_word' id='word_1_178' title='bbox 864 2705 988 2761; x_wconf 91' lang='lat' dir='ltr'>nuncin</span> <span class='ocrx_word' id='word_1_179' title='bbox 1002 2722 1092 2760; x_wconf 92' lang='lat' dir='ltr'>unum</span> <span class='ocrx_word' id='word_1_180' title='bbox 1106 2704 1245 2761; x_wconf 90' lang='lat' dir='ltr'>redeat.’&#39;</span> 
     </span>
     <span class='ocr_line' id='line_1_24' title="bbox 194 2801 1245 2876; baseline -0.001 -18"><span class='ocrx_word' id='word_1_181' title='bbox 194 2801 247 2858; x_wconf 91' lang='lat' dir='ltr'>Ad</span> <span class='ocrx_word' id='word_1_182' title='bbox 261 2802 336 2859; x_wconf 87' lang='lat' dir='ltr'>haec</span> <span class='ocrx_word' id='word_1_183' title='bbox 350 2801 474 2858; x_wconf 90' lang='lat' dir='ltr'>Albana</span> <span class='ocrx_word' id='word_1_184' title='bbox 494 2802 602 2876; x_wconf 82' lang='lat' dir='ltr'>pubes,</span> <span class='ocrx_word' id='word_1_185' title='bbox 619 2801 742 2858; x_wconf 88' lang='lat' dir='ltr'>inermis</span> <span class='ocrx_word' id='word_1_186' title='bbox 765 2801 804 2857; x_wconf 86' lang='lat' dir='ltr'>ab</span> <span class='ocrx_word' id='word_1_187' title='bbox 826 2802 950 2858; x_wconf 88' lang='lat' dir='ltr'>armatis</span> <span class='ocrx_word' id='word_1_188' title='bbox 972 2806 1091 2874; x_wconf 88' lang='lat' dir='ltr'>saepta,</span> <span class='ocrx_word' id='word_1_189' title='bbox 1107 2801 1136 2857; x_wconf 95' lang='lat' dir='ltr'>in</span> <span class='ocrx_word' id='word_1_190' title='bbox 1153 2801 1245 2858; x_wconf 84' lang='lat' dir='ltr'>variis</span> 
     </span>
     <span class='ocr_line' id='line_1_25' title="bbox 195 2898 1242 2975; baseline -0.001 -19"><span class='ocrx_word' id='word_1_191' title='bbox 195 2900 414 2969; x_wconf 87' lang='lat' dir='ltr'>voluntatibus,</span> <span class='ocrx_word' id='word_1_192' title='bbox 431 2899 584 2956; x_wconf 91' lang='lat' dir='ltr'>communi</span> <span class='ocrx_word' id='word_1_193' title='bbox 598 2904 701 2955; x_wconf 87' lang='lat' dir='ltr'>tamen</span> <span class='ocrx_word' id='word_1_194' title='bbox 716 2903 798 2956; x_wconf 88' lang='lat' dir='ltr'>metu</span> <span class='ocrx_word' id='word_1_195' title='bbox 814 2904 955 2975; x_wconf 83' lang='lat' dir='ltr'>cogente,</span> <span class='ocrx_word' id='word_1_196' title='bbox 973 2898 1125 2955; x_wconf 87' lang='lat' dir='ltr'>silentium</span> <span class='ocrx_word' id='word_1_197' title='bbox 1147 2902 1242 2955; x_wconf 89' lang='lat' dir='ltr'>tenet.</span> 
     </span>
     <span class='ocr_line' id='line_1_26' title="bbox 195 2995 1245 3069; baseline -0.003 -16"><span class='ocrx_word' id='word_1_198' title='bbox 195 2997 273 3053; x_wconf 90' lang='lat' dir='ltr'>Tum</span> <span class='ocrx_word' id='word_1_199' title='bbox 287 2997 405 3065; x_wconf 83' lang='lat' dir='ltr'>Tullus,</span> <span class='ocrx_word' id='word_1_200' title='bbox 424 3002 446 3030; x_wconf 85' lang='lat'><strong>“</strong></span> <span class='ocrx_word' id='word_1_201' title='bbox 460 2998 558 3054; x_wconf 84' lang='lat' dir='ltr'>Mette</span> <span class='ocrx_word' id='word_1_202' title='bbox 579 2996 726 3063; x_wconf 84' lang='lat' dir='ltr'>Fuffeti,’&#39;</span> <span class='ocrx_word' id='word_1_203' title='bbox 744 2996 853 3069; x_wconf 89' lang='lat' dir='ltr'>inquit,</span> <span class='ocrx_word' id='word_1_204' title='bbox 873 3000 943 3053; x_wconf 85' lang='lat' dir='ltr'>“ut</span> <span class='ocrx_word' id='word_1_205' title='bbox 963 2995 1066 3069; x_wconf 90' lang='lat' dir='ltr'>paullo</span> <span class='ocrx_word' id='word_1_206' title='bbox 1087 3000 1158 3052; x_wconf 87' lang='lat' dir='ltr'>ante</span> <span class='ocrx_word' id='word_1_207' title='bbox 1180 2995 1245 3051; x_wconf 91' lang='lat' dir='ltr'>ani-</span> 
     </span>
     <span class='ocr_line' id='line_1_27' title="bbox 195 3094 1243 3169; baseline -0.002 -18"><span class='ocrx_word' id='word_1_208' title='bbox 195 3114 277 3151; x_wconf 91' lang='lat' dir='ltr'>mum</span> <span class='ocrx_word' id='word_1_209' title='bbox 292 3096 370 3152; x_wconf 79' lang='lat' dir='ltr'>inter</span> <span class='ocrx_word' id='word_1_210' title='bbox 387 3094 566 3151; x_wconf 84' lang='lat' dir='ltr'>Fidenatem</span> <span class='ocrx_word' id='word_1_211' title='bbox 588 3094 818 3166; x_wconf 83' lang='lat' dir='ltr'>Romanamque</span> <span class='ocrx_word' id='word_1_212' title='bbox 840 3112 904 3151; x_wconf 90' lang='lat' dir='ltr'>rem</span> <span class='ocrx_word' id='word_1_213' title='bbox 926 3094 1089 3167; x_wconf 85' lang='lat' dir='ltr'>ancipitem</span> <span class='ocrx_word' id='word_1_214' title='bbox 1106 3094 1243 3169; x_wconf 84' lang='lat' dir='ltr'>gessisti,</span> 
     </span>
     <span class='ocr_line' id='line_1_28' title="bbox 196 3190 1245 3268; baseline -0.002 -19"><span class='ocrx_word' id='word_1_215' title='bbox 196 3193 239 3249; x_wconf 84' lang='lat' dir='ltr'>ita</span> <span class='ocrx_word' id='word_1_216' title='bbox 254 3194 317 3267; x_wconf 89' lang='lat' dir='ltr'>jam</span> <span class='ocrx_word' id='word_1_217' title='bbox 331 3211 441 3268; x_wconf 89' lang='lat' dir='ltr'>corpus</span> <span class='ocrx_word' id='word_1_218' title='bbox 456 3192 571 3267; x_wconf 89' lang='lat' dir='ltr'>passim</span> <span class='ocrx_word' id='word_1_219' title='bbox 586 3191 816 3248; x_wconf 86' lang='lat' dir='ltr'>distrahendum</span> <span class='ocrx_word' id='word_1_220' title='bbox 828 3191 949 3247; x_wconf 89' lang='lat' dir='ltr'>dabis.”</span> <span class='ocrx_word' id='word_1_221' title='bbox 982 3190 1115 3259; x_wconf 84' lang='lat' dir='ltr'>Exinde,</span> <span class='ocrx_word' id='word_1_222' title='bbox 1127 3191 1245 3247; x_wconf 91' lang='lat' dir='ltr'>duabus</span> 
     </span>
     <span class='ocr_line' id='line_1_29' title="bbox 196 3288 1266 3366; baseline -0.003 -18"><span class='ocrx_word' id='word_1_223' title='bbox 196 3292 327 3349; x_wconf 89' lang='lat' dir='ltr'>admotis</span> <span class='ocrx_word' id='word_1_224' title='bbox 341 3290 509 3366; x_wconf 77' lang='lat' dir='ltr'>quadrigiS,</span> <span class='ocrx_word' id='word_1_225' title='bbox 520 3290 551 3346; x_wconf 90' lang='lat' dir='ltr'>in</span> <span class='ocrx_word' id='word_1_226' title='bbox 567 3306 672 3346; x_wconf 90' lang='lat' dir='ltr'>currus</span> <span class='ocrx_word' id='word_1_227' title='bbox 687 3306 791 3345; x_wconf 89' lang='lat' dir='ltr'>earum</span> <span class='ocrx_word' id='word_1_228' title='bbox 802 3288 970 3345; x_wconf 91' lang='lat' dir='ltr'>distentum</span> <span class='ocrx_word' id='word_1_229' title='bbox 981 3288 1079 3365; x_wconf 87' lang='lat' dir='ltr'>illigat</span> <span class='ocrx_word' id='word_1_230' title='bbox 1093 3288 1243 3345; x_wconf 90' lang='lat' dir='ltr'>Mettum:</span> <span class='ocrx_word' id='word_1_231' title='bbox 1265 3292 1266 3295; x_wconf 74' lang='grc'>’</span> 
     </span>
     <span class='ocr_line' id='line_1_30' title="bbox 195 3386 1245 3460; baseline -0.003 -14"><span class='ocrx_word' id='word_1_232' title='bbox 195 3390 305 3447; x_wconf 89' lang='lat' dir='ltr'>deinde</span> <span class='ocrx_word' id='word_1_233' title='bbox 326 3390 357 3445; x_wconf 94' lang='lat' dir='ltr'>in</span> <span class='ocrx_word' id='word_1_234' title='bbox 379 3390 532 3446; x_wconf 87' lang='lat' dir='ltr'>diversum</span> <span class='ocrx_word' id='word_1_235' title='bbox 555 3388 612 3444; x_wconf 87' lang='lat' dir='ltr'>iter</span> <span class='ocrx_word' id='word_1_236' title='bbox 632 3387 703 3460; x_wconf 89' lang='lat' dir='ltr'>equi</span> <span class='ocrx_word' id='word_1_237' title='bbox 724 3386 870 3443; x_wconf 88' lang='lat' dir='ltr'>concitati</span> <span class='ocrx_word' id='word_1_238' title='bbox 896 3386 1029 3443; x_wconf 86' lang='lat' dir='ltr'>lacerum</span> <span class='ocrx_word' id='word_1_239' title='bbox 1058 3386 1088 3441; x_wconf 89' lang='lat' dir='ltr'>in</span> <span class='ocrx_word' id='word_1_240' title='bbox 1118 3391 1245 3459; x_wconf 88' lang='lat' dir='ltr'>utroque</span> 
     </span>
     <span class='ocr_line' id='line_1_31' title="bbox 196 3484 1202 3561; baseline -0.005 -17"><span class='ocrx_word' id='word_1_241' title='bbox 196 3504 284 3545; x_wconf 83' lang='lat' dir='ltr'>curru</span> <span class='ocrx_word' id='word_1_242' title='bbox 299 3504 422 3561; x_wconf 84' lang='lat' dir='ltr'>corpus,</span> <span class='ocrx_word' id='word_1_243' title='bbox 438 3504 499 3559; x_wconf 84' lang='lat' dir='ltr'>qua</span> <span class='ocrx_word' id='word_1_244' title='bbox 514 3486 710 3543; x_wconf 81' lang='lat' dir='ltr'>inhaeserant</span> <span class='ocrx_word' id='word_1_245' title='bbox 725 3484 854 3541; x_wconf 80' lang='lat' dir='ltr'>vinculis</span> <span class='ocrx_word' id='word_1_246' title='bbox 871 3484 1016 3552; x_wconf 87' lang='lat' dir='ltr'>membra,</span> <span class='ocrx_word' id='word_1_247' title='bbox 1033 3488 1202 3559; x_wconf 88' lang='lat' dir='ltr'>portantes.</span> 
     </span>
    </p>

    <p class='ocr_par' dir='ltr' id='par_1_4' title="bbox 195 3580 1246 3852">
     <span class='ocr_line' id='line_1_32' title="bbox 235 3580 1246 3657; baseline -0.005 -16"><span class='ocrx_word' id='word_1_248' title='bbox 235 3584 321 3642; x_wconf 90' lang='lat' dir='ltr'>Inter</span> <span class='ocrx_word' id='word_1_249' title='bbox 334 3585 409 3641; x_wconf 79' lang='lat' dir='ltr'>liaeo</span> <span class='ocrx_word' id='word_1_250' title='bbox 424 3585 487 3657; x_wconf 87' lang='lat' dir='ltr'>jam</span> <span class='ocrx_word' id='word_1_251' title='bbox 508 3584 666 3657; x_wconf 84' lang='lat' dir='ltr'>praemissi</span> <span class='ocrx_word' id='word_1_252' title='bbox 683 3582 794 3639; x_wconf 85' lang='lat' dir='ltr'>Albam</span> <span class='ocrx_word' id='word_1_253' title='bbox 818 3587 905 3639; x_wconf 86' lang='lat' dir='ltr'>erant</span> <span class='ocrx_word' id='word_1_254' title='bbox 927 3582 1054 3654; x_wconf 78' lang='lat' dir='ltr'>equites,</span> <span class='ocrx_word' id='word_1_255' title='bbox 1072 3582 1123 3654; x_wconf 92' lang='lat' dir='ltr'>qui</span> <span class='ocrx_word' id='word_1_256' title='bbox 1145 3580 1246 3637; x_wconf 88' lang='lat' dir='ltr'>multi-</span> 
     </span>
     <span class='ocr_line' id='line_1_33' title="bbox 195 3678 1246 3754; baseline -0.005 -15"><span class='ocrx_word' id='word_1_257' title='bbox 195 3682 331 3739; x_wconf 89' lang='lat' dir='ltr'>tudinem</span> <span class='ocrx_word' id='word_1_258' title='bbox 357 3682 552 3739; x_wconf 88' lang='lat' dir='ltr'>traducerent</span> <span class='ocrx_word' id='word_1_259' title='bbox 577 3681 717 3737; x_wconf 85' lang='lat' dir='ltr'>Romam.</span> <span class='ocrx_word' id='word_1_260' title='bbox 762 3680 913 3754; x_wconf 84' lang='lat' dir='ltr'>Legiones</span> <span class='ocrx_word' id='word_1_261' title='bbox 939 3679 1048 3735; x_wconf 90' lang='lat' dir='ltr'>deiude</span> <span class='ocrx_word' id='word_1_262' title='bbox 1073 3678 1183 3735; x_wconf 86' lang='lat' dir='ltr'>ductae</span> <span class='ocrx_word' id='word_1_263' title='bbox 1207 3679 1246 3735; x_wconf 88' lang='lat' dir='ltr'>ad</span> 
     </span>
     <span class='ocr_line' id='line_1_34' title="bbox 195 3775 1246 3852; baseline -0.006 -15"><span class='ocrx_word' id='word_1_264' title='bbox 195 3778 374 3837; x_wconf 88' lang='lat' dir='ltr'>diruendam</span> <span class='ocrx_word' id='word_1_265' title='bbox 402 3778 507 3835; x_wconf 89' lang='lat' dir='ltr'>urbem</span> <span class='ocrx_word' id='word_1_266' title='bbox 536 3779 650 3852; x_wconf 87' lang='lat' dir='ltr'>passim</span> <span class='ocrx_word' id='word_1_267' title='bbox 679 3776 801 3851; x_wconf 84' lang='lat' dir='ltr'>publica</span> <span class='ocrx_word' id='word_1_268' title='bbox 829 3776 1008 3850; x_wconf 79' lang='lat' dir='ltr'>privataque</span> <span class='ocrx_word' id='word_1_269' title='bbox 1037 3775 1139 3832; x_wconf 90' lang='lat' dir='ltr'>omnia</span> <span class='ocrx_word' id='word_1_270' title='bbox 1164 3780 1246 3832; x_wconf 88' lang='lat' dir='ltr'>tecta</span> 
     </span>
    </p>
   </div>
   <div class='ocr_carea' id='block_1_4' title="bbox 174 3986 196 4025">
    <p class='ocr_par' dir='ltr' id='par_1_5' title="bbox 174 3986 196 4025">
     <span class='ocr_line' id='line_1_35' title="bbox 174 3986 196 4025; baseline 0 0"><span class='ocrx_word' id='word_1_271' title='bbox 174 3986 196 4025; x_wconf 67' lang='lat'><em>0</em></span> 
     </span>
    </p>
   </div>
   <div class='ocr_carea' id='block_1_5' title="bbox 0 0 1414 4300">
    <p class='ocr_par' dir='ltr' id='par_1_6' title="bbox 0 0 1414 4300">
     <span class='ocr_line' id='line_1_36' title="bbox 0 0 1414 4300; baseline 0 0"><span class='ocrx_word' id='word_1_272' title='bbox 0 0 1414 4300; x_wconf 95' lang='lat' dir='ltr'> </span> 
     </span>
    </p>
   </div>
  </div>
 </body>
</html>
