2817 4300
161 360 224 424 214
343 377 559 424 1111111111
582 377 685 423 raom
707 376 820 422 1111111
843 375 1024 425 1111110111.

160 547 315 622 ingressus
330 553 388 604 est.
432 546 577 615 Marium,
590 546 682 602 Marii
696 545 802 614 filium,
815 546 1003 603 Praenesten
1018 553 1212 620 persecutus,

158 643 292 713 obsedit,
309 649 340 701 et
354 644 395 700 ad
409 650 537 700 mortem
551 643 708 716 compulit.

556 822 624 877 108.
654 821 810 878 Ρ1111011.

198 935 335 992 Phocion
355 935 556 993 Atheniensis
578 935 636 992 etsi
657 953 750 1008 saepe
772 935 958 992 exercitibus
979 937 1115 1009 praefuit
1129 919 1211 994 suni·

158 1050 283 1105 mosque
303 1035 500 1108 magistratus
514 1034 607 1107 cepit,
624 1038 726 1090 tamen
741 1032 837 1088 multo
852 1033 920 1104 ejus
935 1033 1035 1091 notior
1050 1033 1211 1110 integritas

157 1129 240 1187 ritae
266 1147 358 1204 quam
382 1131 425 1187 rei
446 1130 585 1187 militaris
613 1130 710 1187 labor.
753 1130 862 1202 Itaque
883 1130 975 1203 hujus
997 1131 1143 1188 memoria
1164 1139 1213 1188 est

159 1227 253 1297 nulla,
277 1227 357 1284 illius
379 1234 481 1284 autem
502 1246 614 1304 magna
636 1229 731 1296 fama,
755 1246 795 1284 cx
816 1245 876 1300 quo
898 1228 1079 1303 cognomine
1105 1230 1211 1286 Bonus

158 1330 206 1382 est
220 1325 402 1399 appellatus
439 1326 511 1382 Fuit
526 1326 607 1382 euim
619 1331 769 1399 perpetuo
784 1343 910 1399 pauper,
924 1343 993 1382 cum
1008 1326 1211 1383 divitissimus

158 1440 226 1479 esse
242 1427 347 1497 posset
362 1429 486 1498 propter
499 1424 676 1496 frequentes
690 1422 810 1480 delatos
825 1423 956 1480 honores
979 1429 1211 1497 potestatesque

158 1538 304 1589 summae,
320 1538 398 1594 quae
420 1520 448 1578 ei
469 1539 488 1577 1
506 1520 620 1594 11111ο
642 1521 804 1577 dabantur.
849 1520 908 1577 Hic
931 1538 998 1578 cum
1014 1539 1032 1577 a
1047 1539 1117 1597 rege
1138 1522 1211 1578 Phi-

159 1617 243 1691 lippo
254 1636 380 1674 munera
390 1636 519 1694 magnae
531 1618 678 1692 pecuniae
689 1618 875 1691 repudiaret,
886 1617 1040 1693 legatique
1051 1619 1210 1676 hortaren-

158 1721 207 1772 tur
221 1716 358 1790 accipere
374 1715 523 1788 simulque
543 1715 754 1783 admonerent,
771 1715 797 1770 si
819 1715 884 1788 ipse
906 1715 943 1771 iis
966 1716 1056 1773 facile
1078 1722 1208 1786 careret,

156 1811 260 1869 liberis
276 1818 378 1870 tamen
393 1814 457 1868 suis
472 1812 671 1886 prospiceret,
685 1812 797 1885 quibus
812 1812 932 1868 difficile
948 1819 1031 1870 esset
1045 1813 1076 1869 in
1092 1831 1211 1870 summa

157 1916 337 1984 paupertate
359 1914 477 1967 tantam
497 1915 657 1983 paternam
678 1909 756 1966 tucri
777 1909 917 1985 gloriam,
933 1909 980 1966 his
1003 1911 1051 1968 ille
1069 1911 1130 1967 “si
1150 1911 1211 1968 mei

158 2007 272 2064 similes
287 2014 387 2077 crunt,
404 2007 484 2064 idem
499 2007 574 2064 hic''
590 2007 690 2080 inquit
706 2011 727 2040 “
738 2007 853 2082 agellus
869 2007 936 2064 illos
952 2007 1024 2076 alet,
1041 2008 1093 2082 qui
1107 2027 1155 2065 me
1170 2009 1211 2065 ad

158 2105 236 2163 hanc
258 2105 440 2181 dignitatem
461 2105 624 2180 perduxit:
654 2105 701 2162 sin
725 2104 890 2163 dissimiles
913 2110 985 2161 sunt
1007 2105 1114 2176 futuri,
1137 2105 1210 2163 nolo

157 2203 234 2259 meis
249 2203 393 2277 impensis
408 2202 527 2260 illorum
542 2202 582 2258 ali
597 2203 762 2278 augerique
777 2202 961 2259 luxuriam.''

198 2300 285 2356 Idem
299 2318 367 2357 cum
382 2317 476 2374 prope
499 2301 538 2357 ad
559 2318 672 2356 annum
694 2300 915 2375 octogesimum
936 2318 1081 2374 prospera
1102 2319 1211 2375 perre-

158 2398 255 2454 nisset
276 2399 411 2467 fortuna,
429 2398 574 2453 extremis
595 2398 783 2471 temporibus
805 2415 951 2473 magnum
970 2398 1004 2475 in
1018 2398 1122 2455 odium
1143 2416 1211 2472 per-

157 2494 243 2552 venit
270 2512 393 2551 suorum
420 2495 540 2563 civium,
563 2495 672 2568 primo,
696 2495 778 2567 quod
807 2512 875 2551 curn
903 2494 1041 2551 Demade
1069 2496 1108 2552 de
1136 2496 1211 2553 urbe

157 2593 307 2650 tradenda
317 2592 484 2666 Antipatro
495 2597 694 2648 consenserat
704 2594 832 2665 ejusque
844 2592 971 2649 consilio
985 2592 1211 2649 Demosthenes

158 2707 225 2747 cum
248 2690 368 2759 ceteris,
387 2689 440 2762 qui
461 2690 538 2745 bene
561 2689 653 2746 dere
675 2690 797 2763 publica
819 2690 919 2746 meriti
941 2690 1209 2760 existimabantur,

158 2787 262 2861 popuii
284 2787 362 2843 scito
384 2787 415 2843 iu
437 2786 578 2843 exsilium
599 2791 687 2845 eraut
709 2787 839 2860 expulsi.
884 2787 992 2860 Neque
1013 2787 1044 2843 11
1060 2806 1096 2844 eo
1111 2787 1211 2844 solum

158 2885 337 2954 offenderat,
354 2884 435 2957 quod
456 2884 573 2957 patriae
594 2884 672 2940 male
694 2884 900 2954 consuluerat,
924 2885 978 2941 sed
1001 2885 1104 2953 etiam,
1127 2886 1211 2957 quod

158 2982 310 3039 amicitiae
321 2982 411 3038 fidem
426 2999 486 3037 nou
502 2981 706 3055 praestiterat.
746 2982 885 3055 Namque
901 2987 1009 3039 auctus
1025 2982 1210 3055 adjutusque

158 3098 177 3135 a
191 3079 397 3135 Demosthene
419 3096 496 3149 eum,
516 3096 606 3151 quem
628 3079 764 3147 tenebat,
782 3080 963 3135 ascenderat
983 3079 1123 3154 gradum,
1141 3096 1211 3136 cum

158 3177 306 3233 adversus
329 3175 490 3233 Charetem
511 3193 580 3232 eum
601 3176 801 3233 subornaret:
832 3176 870 3233 ab
893 3178 998 3233 eodem
1022 3176 1053 3232 in
1074 3177 1208 3248 judiciis,

158 3292 226 3333 cum
248 3274 358 3347 capitis
379 3291 503 3331 causam
524 3273 650 3342 diceret,
673 3274 821 3330 defensus
844 3274 1038 3346 aliquotiens,
1059 3272 1210 3330 liberatus

158 3374 352 3429 discesserat.
396 3372 488 3428 Hunc
503 3389 564 3427 non
579 3369 678 3427 solum
693 3371 723 3426 in
739 3370 880 3445 perieulis
903 3389 963 3427 non
986 3371 1136 3440 defendit,
1154 3370 1209 3427 sed

158 3470 251 3526 etiam
265 3470 410 3543 prodidit.
454 3467 596 3525 Concidit
611 3473 713 3525 autem
728 3468 859 3525 maxime
879 3485 938 3524 uno
960 3467 1097 3534 crimine,
1113 3468 1208 3539 quod,

158 3584 226 3625 cum
248 3568 330 3640 apud
350 3584 419 3622 eum
441 3584 591 3622 summum
613 3571 695 3623 esset
716 3566 875 3639 1111111111
897 3564 1012 3639 111111,
1030 3564 1210 3621 etNicauo-

158 3682 232 3728 rem,
249 3663 416 3722 Cassandri
437 3664 639 3736 praefectum,
656 3662 793 3719 insidiari
814 3662 922 3719 Piraeo
940 3661 1176 3718 Atheniensium
1192 3680 1211 3717 a

157 3758 291 3832 Dercylo
305 3763 478 3814 moneretur
488 3759 628 3830 idemque
644 3758 813 3830 postularet
826 3762 861 3815 ut
875 3757 1060 3832 provideret,
1074 3775 1112 3813 ne
1128 3773 1210 3813 com-
