2817 4300
193 357 256 420 176
382 372 597 418 sunsorrous
620 372 722 418 raom
745 372 856 417 namu
879 373 1059 418 Annaeus.

193 544 331 599 facturos
352 542 543 616 pollicentur.
588 543 725 616 Imperat
745 561 889 618 magnum
911 561 1068 600 numerum
1088 543 1245 600 obsidum.

194 640 345 715 Legiones
373 640 405 695 in
433 641 560 696 hiberna
590 640 695 697 mittit.
754 639 952 712 Captivorum
987 641 1106 698 circiter
1133 641 1248 716 viginti

193 737 288 792 millia
301 736 420 793 Aeduis
435 737 644 810 Arvernisque
659 738 771 794 reddit.¹
815 737 919 794 Titum
934 738 1102 794 Labienum
1124 739 1247 795 duabus

193 852 262 890 curn
276 834 447 909 legionibus
462 839 494 891 et
507 835 644 906 equitatu
659 835 690 891 in
702 834 860 907 Sequanos
875 834 1026 908 proficisci
1046 835 1151 908 jubet:
1174 836 1248 893 huic

193 932 333 988 Marcum
354 931 566 1005 Sempronium
587 932 724 988 Rutilum
745 932 902 988 attribuit:
928 931 1041 989 Gaium
1062 933 1192 988 Fabium
1213 938 1247 990 et

193 1029 322 1085 Lucium
337 1029 506 1086 Minucium
521 1029 657 1085 Basilum
672 1048 742 1086 cum
755 1029 927 1105 legionibus
945 1031 1064 1086 duabus
1086 1030 1117 1086 in
1139 1030 1246 1087 Remis

193 1125 334 1195 collocat,
351 1144 389 1182 ne
404 1144 496 1199 quam
510 1127 549 1182 ab
563 1128 700 1183 finitimis
715 1127 887 1184 Bellovacis
907 1127 1111 1184 calamitatem
1133 1129 1247 1202 accipi-

194 1228 258 1279 ant.
302 1223 414 1281 Gaium
444 1223 615 1280 Antistium
644 1224 795 1298 Reginum
824 1224 855 1280 in
883 1224 1112 1292 Ambiuaretos,
1139 1225 1246 1281 Titum

195 1321 334 1378 Sextium
349 1320 380 1376 in
395 1321 561 1397 Bituriges,
578 1320 692 1378 Gaium
708 1320 869 1378 Caninium
890 1321 1030 1378 Rebilum
1053 1321 1095 1380 in.
1105 1322 1245 1379 Rutenos

194 1436 263 1474 cum
277 1418 405 1494 singulis
419 1418 591 1494 legionibus
606 1419 711 1475 mittit.
756 1419 903 1491 Quintum
917 1419 1050 1476 Tullium
1066 1419 1245 1477 Ciceronem

193 1521 225 1572 et
238 1516 381 1572 Publium
403 1514 569 1590 Sulpicium
591 1515 743 1573 Cabilloni
764 1521 796 1573 et
816 1517 989 1574 Matiscone
1010 1517 1042 1572 in
1063 1516 1182 1574 Aeduis
1204 1519 1245 1575 ad

193 1612 316 1668 Ararim
343 1612 387 1668 rei
415 1613 633 1669 frumentariae
669 1631 761 1670 causa
797 1613 935 1672 collocat.
994 1614 1065 1687 Ipse
1100 1614 1245 1672 Bibracte

193 1711 325 1766 hiemare
355 1710 523 1767 constituit.
568 1710 627 1766 His
656 1711 746 1766 rebus
781 1710 890 1767 litteris
926 1710 1067 1768 Caesaris
1103 1711 1244 1786 cognitis,

194 1807 310 1863 Romae
325 1807 441 1863 dierum
456 1807 565 1882 viginti
580 1807 764 1880 supplicatio
779 1807 932 1870 indicitur.

489 2042 537 2096 69.
568 2040 687 2097 Roua⁷s
710 2041 818 2096 Euam
838 2041 946 2098 Wnns.

234 2189 354 2247 Octavo
375 2190 493 2247 eecimo
515 2207 595 2246 anno
617 2195 779 2263 postquam
800 2208 889 2265 reges
910 2191 1001 2263 ejecti
1016 2197 1113 2259 erant,
1137 2192 1244 2265 expul-

194 2305 247 2343 sus
262 2306 302 2343 ex
317 2288 390 2343 urbe
408 2286 551 2359 Quintius
565 2286 714 2355 Marcius,
731 2288 795 2342 dux
816 2287 1020 2344 Romanorum
1036 2288 1089 2361 qui
1103 2286 1243 2344 Coriolos

195 2389 328 2459 ceperat,
351 2384 533 2441 Volscorum
560 2383 728 2452 civitatem,
752 2384 791 2441 ad
819 2384 903 2458 ipsos
927 2384 1057 2445 Volscos
1087 2385 1244 2442 contendit

194 2482 290 2538 iratus
302 2501 308 2550 ;
331 2486 363 2537 et
377 2480 492 2537 auxilia
506 2486 613 2537 contra
627 2481 783 2538 Romanos
797 2482 925 2555 aceepit.
970 2481 1069 2554 Quum
1087 2482 1244 2539 Romanos

194 2597 286 2652 saepe
312 2579 447 2645 vicisset,
463 2595 559 2651 usque
585 2578 624 2634 ad
651 2580 755 2635 urbem
777 2580 925 2647 accessit3
948 2584 980 2636 et
1001 2580 1244 2653 oppugnavisset

194 2677 286 2732 etiam
308 2676 438 2749 patriam
460 2692 557 2742 suam,
573 2674 683 2751 legatis
704 2676 756 2748 qui
778 2693 884 2749 pacem
902 2677 1048 2749 petebant
1061 2676 1241 2750 repudiatis,

194 2773 253 2829 nisi
268 2774 391 2829 adeum
405 2777 503 2828 mater
516 2772 643 2828 Veturia
657 2777 688 2828 et
710 2790 788 2828 uxor
808 2772 972 2829 Volumnia
993 2792 1033 2829 ex
1054 2774 1127 2831 urbe
1142 2774 1243 2831 venis-

86 2877 87 2881 ’
194 2875 273 2939 sent,
290 2887 418 2942 quarum
438 2869 510 2924 fletu
532 2873 563 2924 et
583 2869 799 2942 deprecatione
821 2875 993 2943 superatus,
1009 2870 1139 2927 removit
1155 2889 1243 2928 exer-

194 2967 297 3024 citum.

234 3064 376 3121 Kaesone
402 3064 498 3120 Fabio
519 3069 551 3119 et
570 3064 642 3120 Tito
663 3064 802 3139 Virginio
823 3065 1010 3134 consulibus,
1036 3065 1166 3139 trecenti
1189 3083 1243 3121 no-

193 3162 270 3219 biles
298 3162 447 3230 homines,
471 3162 522 3234 qui
547 3178 587 3216 ex
612 3161 708 3217 Fabia
732 3166 822 3235 gente
848 3167 945 3230 erant,
969 3167 1075 3219 contra
1096 3162 1242 3219 Veientes

195 3259 306 3315 bellum
328 3258 385 3315 soli
406 3263 615 3331 susceperunt.
660 3258 768 3331 Itaque
790 3259 921 3332 profecti
941 3276 1046 3316 omnes
1073 3259 1190 3316 nobiles
1211 3259 1242 3315 in

193 3357 309 3430 proelio
344 3355 551 3412 conciderunt.
613 3354 702 3412 Unus
738 3356 861 3411 omnino
896 3357 1046 3430 superfuit
1082 3375 1121 3413 ex
1156 3362 1242 3414 tanta

194 3453 321 3520 familia,
339 3452 391 3524 qui
412 3457 537 3526 propter
558 3457 690 3508 aetatem
711 3452 855 3525 puerilem
877 3453 946 3510 duci
968 3471 1030 3510 non
1047 3459 1189 3527 potuerat
1204 3455 1242 3511 ad

193 3568 337 3626 pugnarn.
383 3548 528 3622 Sequenti
549 3565 630 3604 anno
658 3566 750 3621 quum
773 3550 805 3605 in
818 3550 934 3626 Algido
956 3557 1060 3609 monte
1085 3552 1241 3609 Romanus

193 3647 383 3704 obsideretur
406 3646 570 3714 exercitus,
595 3645 630 3700 L.
656 3644 798 3717 Quintius
820 3646 1020 3706 Cincinnatus
1042 3649 1174 3707 dictator
1195 3656 1242 3707 est

193 3744 307 3809 factus,
322 3742 374 3813 qui
389 3759 495 3814 agrum
509 3745 654 3812 quattuor
671 3744 811 3817 jugerum
826 3745 999 3816 possidenti,
1017 3732 1156 3803 manibus
1178 3747 1241 3804 suis
