<?xml version="1.0" encoding="UTF-8"?>
<!DOCTYPE html PUBLIC "-//W3C//DTD XHTML 1.0 Transitional//EN"
    "http://www.w3.org/TR/xhtml1/DTD/xhtml1-transitional.dtd">
<html xmlns="http://www.w3.org/1999/xhtml" xml:lang="en" lang="en">
 <head>
  <title>
</title>
<meta http-equiv="Content-Type" content="text/html;charset=utf-8" />
  <meta name='ocr-system' content='tesseract 3.04.00' />
  <meta name='ocr-capabilities' content='ocr_page ocr_carea ocr_par ocr_line ocrx_word'/>
</head>
<body>
  <div class='ocr_page' id='page_1' title='image "./selectionsfroml01tomlgoog_0026.png"; bbox 0 0 2817 4300; ppageno 0'>
   <div class='ocr_carea' id='block_1_1' title="bbox 150 346 1024 410">
    <p class='ocr_par' dir='ltr' id='par_1_1' title="bbox 150 346 1024 410">
     <span class='ocr_line' id='line_1_1' title="bbox 150 346 1024 410; baseline -0.003 0"><span class='ocrx_word' id='word_1_1' title='bbox 150 346 169 410; x_wconf 88' lang='lat'>6</span> <span class='ocrx_word' id='word_1_2' title='bbox 339 361 556 409; x_wconf 81' lang='lat' dir='ltr'>snunorrons</span> <span class='ocrx_word' id='word_1_3' title='bbox 580 361 682 408; x_wconf 79' lang='lat' dir='ltr'>raom</span> <span class='ocrx_word' id='word_1_4' title='bbox 705 361 817 406; x_wconf 74' lang='lat' dir='ltr'>turm</span> <span class='ocrx_word' id='word_1_5' title='bbox 840 359 1024 407; x_wconf 77' lang='lat' dir='ltr'>Aurflons</span> 
     </span>
    </p>
   </div>
   <div class='ocr_carea' id='block_1_2' title="bbox 130 532 1205 3236">
    <p class='ocr_par' dir='ltr' id='par_1_2' title="bbox 130 532 1204 3041">
     <span class='ocr_line' id='line_1_2' title="bbox 203 532 1202 608; baseline -0.001 -18"><span class='ocrx_word' id='word_1_6' title='bbox 203 533 326 607; x_wconf 90' lang='lat' dir='ltr'>quidem</span> <span class='ocrx_word' id='word_1_7' title='bbox 344 533 402 590; x_wconf 82' lang='lat' dir='ltr'>sibi</span> <span class='ocrx_word' id='word_1_8' title='bbox 416 533 577 607; x_wconf 89' lang='lat' dir='ltr'>quicquam</span> <span class='ocrx_word' id='word_1_9' title='bbox 592 532 699 606; x_wconf 83' lang='lat' dir='ltr'>reliqui</span> <span class='ocrx_word' id='word_1_10' title='bbox 721 533 788 588; x_wconf 86' lang='lat' dir='ltr'>fore</span> <span class='ocrx_word' id='word_1_11' title='bbox 801 532 960 605; x_wconf 71' lang='lat' dir='ltr'>viderent,</span> <span class='ocrx_word' id='word_1_12' title='bbox 981 533 1008 591; x_wconf 90' lang='lat' dir='ltr'>si</span> <span class='ocrx_word' id='word_1_13' title='bbox 1029 534 1202 608; x_wconf 88' lang='lat' dir='ltr'>superavis-</span> 
     </span>
     <span class='ocr_line' id='line_1_3' title="bbox 204 629 1200 703; baseline -0.001 -16"><span class='ocrx_word' id='word_1_14' title='bbox 204 634 284 701; x_wconf 89' lang='lat' dir='ltr'>sent,</span> <span class='ocrx_word' id='word_1_15' title='bbox 301 630 350 688; x_wconf 88' lang='lat' dir='ltr'>vel</span> <span class='ocrx_word' id='word_1_16' title='bbox 366 629 542 687; x_wconf 84' lang='lat' dir='ltr'>domesticis</span> <span class='ocrx_word' id='word_1_17' title='bbox 557 629 666 703; x_wconf 88' lang='lat' dir='ltr'>opibus</span> <span class='ocrx_word' id='word_1_18' title='bbox 681 629 731 686; x_wconf 88' lang='lat' dir='ltr'>vel</span> <span class='ocrx_word' id='word_1_19' title='bbox 745 630 881 686; x_wconf 90' lang='lat' dir='ltr'>externis</span> <span class='ocrx_word' id='word_1_20' title='bbox 898 630 1021 699; x_wconf 80' lang='lat' dir='ltr'>auxiliis</span> <span class='ocrx_word' id='word_1_21' title='bbox 1042 631 1080 687; x_wconf 92' lang='lat' dir='ltr'>de</span> <span class='ocrx_word' id='word_1_22' title='bbox 1102 630 1200 687; x_wconf 90' lang='lat' dir='ltr'>salute</span> 
     </span>
     <span class='ocr_line' id='line_1_4' title="bbox 204 725 1201 800; baseline 0 -16"><span class='ocrx_word' id='word_1_23' title='bbox 204 728 288 784; x_wconf 88' lang='lat' dir='ltr'>urbis</span> <span class='ocrx_word' id='word_1_24' title='bbox 308 728 505 785; x_wconf 88' lang='lat' dir='ltr'>confiderent.</span> <span class='ocrx_word' id='word_1_25' title='bbox 549 727 606 782; x_wconf 88' lang='lat' dir='ltr'>VI.</span> <span class='ocrx_word' id='word_1_26' title='bbox 636 725 808 784; x_wconf 86' lang='lat' dir='ltr'>Commisso</span> <span class='ocrx_word' id='word_1_27' title='bbox 823 727 938 800; x_wconf 89' lang='lat' dir='ltr'>proelio</span> <span class='ocrx_word' id='word_1_28' title='bbox 953 727 1201 784; x_wconf 81' lang='lat' dir='ltr'>Massiliensibus</span> 
     </span>
     <span class='ocr_line' id='line_1_5' title="bbox 205 824 1200 899; baseline 0 -18"><span class='ocrx_word' id='word_1_29' title='bbox 205 844 253 882; x_wconf 86' lang='lat' dir='ltr'>res</span> <span class='ocrx_word' id='word_1_30' title='bbox 269 825 351 881; x_wconf 90' lang='lat' dir='ltr'>nulla</span> <span class='ocrx_word' id='word_1_31' title='bbox 367 826 406 882; x_wconf 87' lang='lat' dir='ltr'>ad</span> <span class='ocrx_word' id='word_1_32' title='bbox 417 825 561 882; x_wconf 87' lang='lat' dir='ltr'>virtutem</span> <span class='ocrx_word' id='word_1_33' title='bbox 575 824 692 892; x_wconf 81' lang='lat' dir='ltr'>defuit3</span> <span class='ocrx_word' id='word_1_34' title='bbox 717 825 771 880; x_wconf 88' lang='lat' dir='ltr'>sed</span> <span class='ocrx_word' id='word_1_35' title='bbox 781 841 930 881; x_wconf 80' lang='lat' dir='ltr'>memores</span> <span class='ocrx_word' id='word_1_36' title='bbox 941 842 1046 880; x_wconf 90' lang='lat' dir='ltr'>eorum</span> <span class='ocrx_word' id='word_1_37' title='bbox 1058 843 1200 899; x_wconf 85' lang='lat' dir='ltr'>praecep·</span> 
     </span>
     <span class='ocr_line' id='line_1_6' title="bbox 172 921 1202 996; baseline -0.002 -17"><span class='ocrx_word' id='word_1_38' title='bbox 172 928 305 980; x_wconf 87' lang='lat' dir='ltr'>5torum</span> <span class='ocrx_word' id='word_1_39' title='bbox 333 941 411 996; x_wconf 89' lang='lat' dir='ltr'>quae</span> <span class='ocrx_word' id='word_1_40' title='bbox 432 921 524 996; x_wconf 90' lang='lat' dir='ltr'>paulo</span> <span class='ocrx_word' id='word_1_41' title='bbox 549 927 620 978; x_wconf 87' lang='lat' dir='ltr'>ante</span> <span class='ocrx_word' id='word_1_42' title='bbox 643 921 683 976; x_wconf 89' lang='lat' dir='ltr'>ab</span> <span class='ocrx_word' id='word_1_43' title='bbox 708 921 772 977; x_wconf 89' lang='lat' dir='ltr'>suis</span> <span class='ocrx_word' id='word_1_44' title='bbox 797 926 990 995; x_wconf 85' lang='lat' dir='ltr'>acceperant,</span> <span class='ocrx_word' id='word_1_45' title='bbox 1017 922 1074 979; x_wconf 94' lang='lat' dir='ltr'>hoc</span> <span class='ocrx_word' id='word_1_46' title='bbox 1099 923 1202 979; x_wconf 90' lang='lat' dir='ltr'>animo</span> 
     </span>
     <span class='ocr_line' id='line_1_7' title="bbox 130 1017 1201 1091; baseline -0.002 -14"><span class='ocrx_word' id='word_1_47' title='bbox 130 1020 132 1025; x_wconf 78' lang='lat'>&#39;</span> <span class='ocrx_word' id='word_1_48' title='bbox 205 1020 414 1090; x_wconf 78' lang='lat' dir='ltr'>decertabant,</span> <span class='ocrx_word' id='word_1_49' title='bbox 452 1024 487 1075; x_wconf 89' lang='lat' dir='ltr'>ut</span> <span class='ocrx_word' id='word_1_50' title='bbox 522 1018 636 1076; x_wconf 91' lang='lat' dir='ltr'>nullum</span> <span class='ocrx_word' id='word_1_51' title='bbox 672 1017 754 1074; x_wconf 90' lang='lat' dir='ltr'>aliud</span> <span class='ocrx_word' id='word_1_52' title='bbox 792 1024 912 1091; x_wconf 87' lang='lat' dir='ltr'>tempus</span> <span class='ocrx_word' id='word_1_53' title='bbox 951 1019 990 1076; x_wconf 91' lang='lat' dir='ltr'>ad</span> <span class='ocrx_word' id='word_1_54' title='bbox 1028 1020 1201 1076; x_wconf 91' lang='lat' dir='ltr'>conandum</span> 
     </span>
     <span class='ocr_line' id='line_1_8' title="bbox 204 1113 1200 1191; baseline -0.002 -17"><span class='ocrx_word' id='word_1_55' title='bbox 204 1113 361 1174; x_wconf 78' lang='lat' dir='ltr'>16habituri</span> <span class='ocrx_word' id='word_1_56' title='bbox 376 1117 561 1186; x_wconf 88' lang='lat' dir='ltr'>viderentur,</span> <span class='ocrx_word' id='word_1_57' title='bbox 579 1121 610 1173; x_wconf 91' lang='lat' dir='ltr'>et</span> <span class='ocrx_word' id='word_1_58' title='bbox 624 1115 733 1189; x_wconf 89' lang='lat' dir='ltr'>quibus</span> <span class='ocrx_word' id='word_1_59' title='bbox 755 1116 786 1171; x_wconf 92' lang='lat' dir='ltr'>in</span> <span class='ocrx_word' id='word_1_60' title='bbox 807 1134 911 1191; x_wconf 83' lang='lat' dir='ltr'>pugna</span> <span class='ocrx_word' id='word_1_61' title='bbox 932 1116 1013 1172; x_wconf 86' lang='lat' dir='ltr'>ritae</span> <span class='ocrx_word' id='word_1_62' title='bbox 1034 1116 1200 1190; x_wconf 91' lang='lat' dir='ltr'>periculum</span> 
     </span>
     <span class='ocr_line' id='line_1_9' title="bbox 206 1213 1201 1285; baseline -0.002 -14"><span class='ocrx_word' id='word_1_63' title='bbox 206 1215 358 1271; x_wconf 91' lang='lat' dir='ltr'>accideret</span> <span class='ocrx_word' id='word_1_64' title='bbox 371 1232 433 1270; x_wconf 92' lang='lat' dir='ltr'>non</span> <span class='ocrx_word' id='word_1_65' title='bbox 449 1214 492 1270; x_wconf 89' lang='lat' dir='ltr'>ita</span> <span class='ocrx_word' id='word_1_66' title='bbox 506 1213 602 1270; x_wconf 90' lang='lat' dir='ltr'>multo</span> <span class='ocrx_word' id='word_1_67' title='bbox 617 1232 650 1270; x_wconf 88' lang='lat' dir='ltr'>se</span> <span class='ocrx_word' id='word_1_68' title='bbox 665 1213 848 1285; x_wconf 91' lang='lat' dir='ltr'>reliquorum</span> <span class='ocrx_word' id='word_1_69' title='bbox 863 1213 974 1270; x_wconf 92' lang='lat' dir='ltr'>civium</span> <span class='ocrx_word' id='word_1_70' title='bbox 995 1214 1094 1270; x_wconf 83' lang='lat' dir='ltr'>fatum</span> <span class='ocrx_word' id='word_1_71' title='bbox 1116 1218 1201 1270; x_wconf 85' lang='lat' dir='ltr'>ante-</span> 
     </span>
     <span class='ocr_line' id='line_1_10' title="bbox 205 1310 1202 1384; baseline -0.003 -15"><span class='ocrx_word' id='word_1_72' title='bbox 205 1313 312 1369; x_wconf 87' lang='lat' dir='ltr'>cedere</span> <span class='ocrx_word' id='word_1_73' title='bbox 332 1311 557 1380; x_wconf 80' lang='lat' dir='ltr'>existimarent,</span> <span class='ocrx_word' id='word_1_74' title='bbox 575 1310 685 1384; x_wconf 93' lang='lat' dir='ltr'>quibus</span> <span class='ocrx_word' id='word_1_75' title='bbox 708 1310 782 1366; x_wconf 90' lang='lat' dir='ltr'>urbe</span> <span class='ocrx_word' id='word_1_76' title='bbox 804 1315 895 1384; x_wconf 87' lang='lat' dir='ltr'>capta</span> <span class='ocrx_word' id='word_1_77' title='bbox 910 1311 1016 1367; x_wconf 85' lang='lat' dir='ltr'>eadem</span> <span class='ocrx_word' id='word_1_78' title='bbox 1031 1316 1114 1368; x_wconf 91' lang='lat' dir='ltr'>esset</span> <span class='ocrx_word' id='word_1_79' title='bbox 1131 1311 1202 1367; x_wconf 92' lang='lat' dir='ltr'>belli</span> 
     </span>
     <span class='ocr_line' id='line_1_11' title="bbox 154 1407 1202 1483; baseline 0.001 -19"><span class='ocrx_word' id='word_1_80' title='bbox 154 1416 191 1466; x_wconf 86' lang='lat'>10</span> <span class='ocrx_word' id='word_1_81' title='bbox 206 1410 331 1466; x_wconf 85' lang='lat' dir='ltr'>fortuna</span> <span class='ocrx_word' id='word_1_82' title='bbox 345 1409 500 1483; x_wconf 89' lang='lat' dir='ltr'>patienda.</span> <span class='ocrx_word' id='word_1_83' title='bbox 544 1407 746 1480; x_wconf 89' lang='lat' dir='ltr'>Diductisque</span> <span class='ocrx_word' id='word_1_84' title='bbox 768 1407 882 1464; x_wconf 87' lang='lat' dir='ltr'>nostris</span> <span class='ocrx_word' id='word_1_85' title='bbox 904 1408 1050 1482; x_wconf 89' lang='lat' dir='ltr'>paulatim</span> <span class='ocrx_word' id='word_1_86' title='bbox 1071 1409 1202 1466; x_wconf 88' lang='lat' dir='ltr'>navibus</span> 
     </span>
     <span class='ocr_line' id='line_1_12' title="bbox 206 1504 1202 1581; baseline -0.001 -19"><span class='ocrx_word' id='word_1_87' title='bbox 206 1511 237 1563; x_wconf 90' lang='lat' dir='ltr'>et</span> <span class='ocrx_word' id='word_1_88' title='bbox 251 1506 378 1563; x_wconf 89' lang='lat' dir='ltr'>artificio</span> <span class='ocrx_word' id='word_1_89' title='bbox 392 1506 631 1581; x_wconf 83' lang='lat' dir='ltr'>gubernatorum</span> <span class='ocrx_word' id='word_1_90' title='bbox 646 1509 677 1562; x_wconf 89' lang='lat' dir='ltr'>et</span> <span class='ocrx_word' id='word_1_91' title='bbox 691 1504 853 1561; x_wconf 86' lang='lat' dir='ltr'>mobilitati</span> <span class='ocrx_word' id='word_1_92' title='bbox 868 1505 991 1561; x_wconf 86' lang='lat' dir='ltr'>navium</span> <span class='ocrx_word' id='word_1_93' title='bbox 1005 1504 1090 1562; x_wconf 89' lang='lat' dir='ltr'>locus</span> <span class='ocrx_word' id='word_1_94' title='bbox 1108 1504 1202 1562; x_wconf 90' lang='lat' dir='ltr'>daba-</span> 
     </span>
     <span class='ocr_line' id='line_1_13' title="bbox 206 1598 1201 1675; baseline -0.002 -15"><span class='ocrx_word' id='word_1_95' title='bbox 206 1608 265 1674; x_wconf 88' lang='lat' dir='ltr'>tur,</span> <span class='ocrx_word' id='word_1_96' title='bbox 283 1603 354 1660; x_wconf 90' lang='lat' dir='ltr'>etsi</span> <span class='ocrx_word' id='word_1_97' title='bbox 369 1603 492 1675; x_wconf 88' lang='lat' dir='ltr'>quando</span> <span class='ocrx_word' id='word_1_98' title='bbox 507 1601 604 1659; x_wconf 89' lang='lat' dir='ltr'>nostri</span> <span class='ocrx_word' id='word_1_99' title='bbox 617 1598 637 1632; x_wconf 79' lang='lat'>¹⁷</span> <span class='ocrx_word' id='word_1_100' title='bbox 643 1602 823 1658; x_wconf 86' lang='lat' dir='ltr'>facultatem</span> <span class='ocrx_word' id='word_1_101' title='bbox 838 1601 921 1658; x_wconf 88' lang='lat' dir='ltr'>nacti</span> <span class='ocrx_word' id='word_1_102' title='bbox 935 1603 1042 1659; x_wconf 87' lang='lat' dir='ltr'>ferreis</span> <span class='ocrx_word' id='word_1_103' title='bbox 1060 1603 1201 1659; x_wconf 85' lang='lat' dir='ltr'>manibus</span> 
     </span>
     <span class='ocr_line' id='line_1_14' title="bbox 206 1698 1201 1774; baseline 0 -18"><span class='ocrx_word' id='word_1_104' title='bbox 206 1699 328 1773; x_wconf 88' lang='lat' dir='ltr'>injectis</span> <span class='ocrx_word' id='word_1_105' title='bbox 358 1717 467 1756; x_wconf 90' lang='lat' dir='ltr'>navem</span> <span class='ocrx_word' id='word_1_106' title='bbox 495 1699 711 1774; x_wconf 81' lang='lat' dir='ltr'>religaverunt,</span> <span class='ocrx_word' id='word_1_107' title='bbox 738 1699 870 1772; x_wconf 91' lang='lat' dir='ltr'>undique</span> <span class='ocrx_word' id='word_1_108' title='bbox 899 1699 963 1755; x_wconf 89' lang='lat' dir='ltr'>suis</span> <span class='ocrx_word' id='word_1_109' title='bbox 990 1698 1201 1756; x_wconf 87' lang='lat' dir='ltr'>laborantibus</span> 
     </span>
     <span class='ocr_line' id='line_1_15' title="bbox 207 1796 1201 1870; baseline -0.002 -16"><span class='ocrx_word' id='word_1_110' title='bbox 207 1798 434 1855; x_wconf 90' lang='lat' dir='ltr'>succurrebant.</span> <span class='ocrx_word' id='word_1_111' title='bbox 479 1797 587 1869; x_wconf 86' lang='lat' dir='ltr'>Neque</span> <span class='ocrx_word' id='word_1_112' title='bbox 609 1814 683 1854; x_wconf 85' lang='lat' dir='ltr'>vcro</span> <span class='ocrx_word' id='word_1_113' title='bbox 705 1797 859 1870; x_wconf 89' lang='lat' dir='ltr'>conjuncti</span> <span class='ocrx_word' id='word_1_114' title='bbox 886 1796 1005 1854; x_wconf 87' lang='lat' dir='ltr'>Albicis</span> <span class='ocrx_word' id='word_1_115' title='bbox 1033 1797 1201 1854; x_wconf 87' lang='lat' dir='ltr'>comminus</span> 
     </span>
     <span class='ocr_line' id='line_1_16' title="bbox 154 1893 1201 1971; baseline 0 -21"><span class='ocrx_word' id='word_1_116' title='bbox 154 1902 190 1952; x_wconf 87' lang='lat'>15</span> <span class='ocrx_word' id='word_1_117' title='bbox 207 1895 372 1971; x_wconf 82' lang='lat' dir='ltr'>pugnando</span> <span class='ocrx_word' id='word_1_118' title='bbox 387 1893 570 1951; x_wconf 88' lang='lat' dir='ltr'>deficiebant</span> <span class='ocrx_word' id='word_1_119' title='bbox 584 1911 682 1967; x_wconf 92' lang='lat' dir='ltr'>neque</span> <span class='ocrx_word' id='word_1_120' title='bbox 697 1893 826 1950; x_wconf 90' lang='lat' dir='ltr'>multum</span> <span class='ocrx_word' id='word_1_121' title='bbox 840 1893 990 1951; x_wconf 86' lang='lat' dir='ltr'>cedebant</span> <span class='ocrx_word' id='word_1_122' title='bbox 1003 1894 1116 1952; x_wconf 88' lang='lat' dir='ltr'>virtute</span> <span class='ocrx_word' id='word_1_123' title='bbox 1131 1912 1201 1950; x_wconf 91' lang='lat' dir='ltr'>nos-</span> 
     </span>
     <span class='ocr_line' id='line_1_17' title="bbox 207 1987 1202 2067; baseline 0 -19"><span class='ocrx_word' id='word_1_124' title='bbox 207 1992 273 2049; x_wconf 90' lang='lat' dir='ltr'>tris.</span> <span class='ocrx_word' id='word_1_125' title='bbox 319 1990 414 2048; x_wconf 88' lang='lat' dir='ltr'>Simul</span> <span class='ocrx_word' id='word_1_126' title='bbox 439 2010 479 2048; x_wconf 91' lang='lat' dir='ltr'>ex</span> <span class='ocrx_word' id='word_1_127' title='bbox 503 1990 670 2047; x_wconf 88' lang='lat' dir='ltr'>minoribus</span> <span class='ocrx_word' id='word_1_128' title='bbox 696 1991 826 2047; x_wconf 90' lang='lat' dir='ltr'>navibus</span> <span class='ocrx_word' id='word_1_129' title='bbox 851 2009 962 2067; x_wconf 86' lang='lat' dir='ltr'>magna</span> <span class='ocrx_word' id='word_1_130' title='bbox 986 1991 1034 2048; x_wconf 88' lang='lat' dir='ltr'>vis</span> <span class='ocrx_word' id='word_1_131' title='bbox 1058 1987 1202 2048; x_wconf 88' lang='lat' dir='ltr'>18eminus</span> 
     </span>
     <span class='ocr_line' id='line_1_18' title="bbox 206 2089 1202 2165; baseline 0 -18"><span class='ocrx_word' id='word_1_132' title='bbox 206 2091 301 2147; x_wconf 88' lang='lat' dir='ltr'>missa</span> <span class='ocrx_word' id='word_1_133' title='bbox 321 2091 450 2147; x_wconf 88' lang='lat' dir='ltr'>telorum</span> <span class='ocrx_word' id='word_1_134' title='bbox 471 2089 566 2147; x_wconf 85' lang='lat' dir='ltr'>multa</span> <span class='ocrx_word' id='word_1_135' title='bbox 580 2089 694 2146; x_wconf 86' lang='lat' dir='ltr'>nostris</span> <span class='ocrx_word' id='word_1_136' title='bbox 713 2090 750 2147; x_wconf 93' lang='lat' dir='ltr'>de</span> <span class='ocrx_word' id='word_1_137' title='bbox 772 2089 938 2165; x_wconf 90' lang='lat' dir='ltr'>improviso</span> <span class='ocrx_word' id='word_1_138' title='bbox 959 2090 1202 2165; x_wconf 90' lang='lat' dir='ltr'>imprudentibus</span> 
     </span>
     <span class='ocr_line' id='line_1_19' title="bbox 207 2186 1202 2263; baseline -0.001 -17"><span class='ocrx_word' id='word_1_139' title='bbox 207 2194 298 2263; x_wconf 90' lang='lat' dir='ltr'>atque</span> <span class='ocrx_word' id='word_1_140' title='bbox 335 2189 489 2263; x_wconf 90' lang='lat' dir='ltr'>impeditis</span> <span class='ocrx_word' id='word_1_141' title='bbox 529 2187 657 2245; x_wconf 86' lang='lat' dir='ltr'>vulnera</span> <span class='ocrx_word' id='word_1_142' title='bbox 694 2188 879 2245; x_wconf 83' lang='lat' dir='ltr'>inferebant.</span> <span class='ocrx_word' id='word_1_143' title='bbox 938 2186 1202 2263; x_wconf 85' lang='lat' dir='ltr'>Conspicataequc</span> 
     </span>
     <span class='ocr_line' id='line_1_20' title="bbox 207 2285 1203 2362; baseline 0 -20"><span class='ocrx_word' id='word_1_144' title='bbox 207 2304 302 2344; x_wconf 88' lang='lat' dir='ltr'>naves</span> <span class='ocrx_word' id='word_1_145' title='bbox 327 2286 464 2343; x_wconf 88' lang='lat' dir='ltr'>triremes</span> <span class='ocrx_word' id='word_1_146' title='bbox 490 2285 567 2342; x_wconf 90' lang='lat' dir='ltr'>duae</span> <span class='ocrx_word' id='word_1_147' title='bbox 593 2303 700 2341; x_wconf 86' lang='lat' dir='ltr'>navem</span> <span class='ocrx_word' id='word_1_148' title='bbox 727 2285 768 2340; x_wconf 91' lang='lat' dir='ltr'>D.</span> <span class='ocrx_word' id='word_1_149' title='bbox 795 2286 893 2356; x_wconf 90' lang='lat' dir='ltr'>Bruti,</span> <span class='ocrx_word' id='word_1_150' title='bbox 919 2304 997 2359; x_wconf 85' lang='lat' dir='ltr'>quae</span> <span class='ocrx_word' id='word_1_151' title='bbox 1023 2304 1062 2342; x_wconf 92' lang='lat' dir='ltr'>ex</span> <span class='ocrx_word' id='word_1_152' title='bbox 1090 2286 1203 2362; x_wconf 84' lang='lat' dir='ltr'>insigni</span> 
     </span>
     <span class='ocr_line' id='line_1_21' title="bbox 154 2382 1202 2459; baseline -0.002 -17"><span class='ocrx_word' id='word_1_153' title='bbox 154 2391 192 2442; x_wconf 81' lang='lat'>20</span> <span class='ocrx_word' id='word_1_154' title='bbox 207 2384 298 2441; x_wconf 83' lang='lat' dir='ltr'>facile</span> <span class='ocrx_word' id='word_1_155' title='bbox 314 2383 439 2459; x_wconf 83' lang='lat' dir='ltr'>agnosci</span> <span class='ocrx_word' id='word_1_156' title='bbox 454 2388 585 2457; x_wconf 86' lang='lat' dir='ltr'>poterat,</span> <span class='ocrx_word' id='word_1_157' title='bbox 602 2382 722 2439; x_wconf 88' lang='lat' dir='ltr'>duabus</span> <span class='ocrx_word' id='word_1_158' title='bbox 738 2400 777 2438; x_wconf 88' lang='lat' dir='ltr'>ex</span> <span class='ocrx_word' id='word_1_159' title='bbox 792 2382 930 2456; x_wconf 88' lang='lat' dir='ltr'>partibus</span> <span class='ocrx_word' id='word_1_160' title='bbox 945 2401 1012 2440; x_wconf 88' lang='lat' dir='ltr'>sese</span> <span class='ocrx_word' id='word_1_161' title='bbox 1027 2383 1058 2439; x_wconf 93' lang='lat' dir='ltr'>in</span> <span class='ocrx_word' id='word_1_162' title='bbox 1074 2402 1141 2441; x_wconf 89' lang='lat' dir='ltr'>eam</span> <span class='ocrx_word' id='word_1_163' title='bbox 1157 2384 1202 2440; x_wconf 93' lang='lat' dir='ltr'>in-</span> 
     </span>
     <span class='ocr_line' id='line_1_22' title="bbox 208 2479 1202 2553; baseline 0.001 -16"><span class='ocrx_word' id='word_1_164' title='bbox 208 2481 388 2538; x_wconf 87' lang='lat' dir='ltr'>citaverant.</span> <span class='ocrx_word' id='word_1_165' title='bbox 434 2479 495 2537; x_wconf 85' lang='lat' dir='ltr'>Sed</span> <span class='ocrx_word' id='word_1_166' title='bbox 529 2485 649 2537; x_wconf 90' lang='lat' dir='ltr'>tantum</span> <span class='ocrx_word' id='word_1_167' title='bbox 679 2498 711 2536; x_wconf 90' lang='lat' dir='ltr'>re</span> <span class='ocrx_word' id='word_1_168' title='bbox 742 2480 866 2553; x_wconf 88' lang='lat' dir='ltr'>provisa</span> <span class='ocrx_word' id='word_1_169' title='bbox 900 2480 1013 2545; x_wconf 88' lang='lat' dir='ltr'>Brutus</span> <span class='ocrx_word' id='word_1_170' title='bbox 1048 2480 1202 2538; x_wconf 88' lang='lat' dir='ltr'>celeritate</span> 
     </span>
     <span class='ocr_line' id='line_1_23' title="bbox 207 2578 1203 2651; baseline 0 -17"><span class='ocrx_word' id='word_1_171' title='bbox 207 2578 295 2635; x_wconf 88' lang='lat' dir='ltr'>navis</span> <span class='ocrx_word' id='word_1_172' title='bbox 318 2578 421 2635; x_wconf 91' lang='lat' dir='ltr'>enisus</span> <span class='ocrx_word' id='word_1_173' title='bbox 444 2582 501 2648; x_wconf 91' lang='lat' dir='ltr'>est,</span> <span class='ocrx_word' id='word_1_174' title='bbox 525 2582 560 2634; x_wconf 89' lang='lat' dir='ltr'>ut</span> <span class='ocrx_word' id='word_1_175' title='bbox 581 2594 676 2651; x_wconf 89' lang='lat' dir='ltr'>parvo</span> <span class='ocrx_word' id='word_1_176' title='bbox 697 2583 852 2634; x_wconf 92' lang='lat' dir='ltr'>momento</span> <span class='ocrx_word' id='word_1_177' title='bbox 877 2578 1082 2635; x_wconf 87' lang='lat' dir='ltr'>antecederet.</span> <span class='ocrx_word' id='word_1_178' title='bbox 1125 2578 1203 2635; x_wconf 90' lang='lat' dir='ltr'>Illae</span> 
     </span>
     <span class='ocr_line' id='line_1_24' title="bbox 208 2674 1203 2751; baseline 0.001 -20"><span class='ocrx_word' id='word_1_179' title='bbox 208 2677 286 2733; x_wconf 89' lang='lat' dir='ltr'>adeo</span> <span class='ocrx_word' id='word_1_180' title='bbox 300 2675 434 2751; x_wconf 85' lang='lat' dir='ltr'>graviter</span> <span class='ocrx_word' id='word_1_181' title='bbox 448 2675 527 2731; x_wconf 91' lang='lat' dir='ltr'>iuter</span> <span class='ocrx_word' id='word_1_182' title='bbox 542 2692 575 2731; x_wconf 88' lang='lat' dir='ltr'>se</span> <span class='ocrx_word' id='word_1_183' title='bbox 589 2674 735 2731; x_wconf 87' lang='lat' dir='ltr'>incitatae</span> <span class='ocrx_word' id='word_1_184' title='bbox 758 2674 971 2745; x_wconf 89' lang='lat' dir='ltr'>conflixerunt,</span> <span class='ocrx_word' id='word_1_185' title='bbox 987 2680 1023 2732; x_wconf 92' lang='lat' dir='ltr'>ut</span> <span class='ocrx_word' id='word_1_186' title='bbox 1042 2677 1203 2733; x_wconf 89' lang='lat' dir='ltr'>vehemen-</span> 
     </span>
     <span class='ocr_line' id='line_1_25' title="bbox 208 2768 1204 2846; baseline 0 -17"><span class='ocrx_word' id='word_1_187' title='bbox 208 2773 326 2830; x_wconf 87' lang='lat' dir='ltr'>tissime</span> <span class='ocrx_word' id='word_1_188' title='bbox 354 2768 510 2846; x_wconf 82' lang='lat' dir='ltr'>19utraque</span> <span class='ocrx_word' id='word_1_189' title='bbox 542 2790 582 2829; x_wconf 90' lang='lat' dir='ltr'>ex</span> <span class='ocrx_word' id='word_1_190' title='bbox 610 2789 758 2829; x_wconf 89' lang='lat' dir='ltr'>concursu</span> <span class='ocrx_word' id='word_1_191' title='bbox 792 2772 977 2842; x_wconf 88' lang='lat' dir='ltr'>laborarent,</span> <span class='ocrx_word' id='word_1_192' title='bbox 1008 2772 1103 2830; x_wconf 90' lang='lat' dir='ltr'>altera</span> <span class='ocrx_word' id='word_1_193' title='bbox 1131 2792 1204 2830; x_wconf 88' lang='lat' dir='ltr'>vero</span> 
     </span>
     <span class='ocr_line' id='line_1_26' title="bbox 155 2864 1203 2945; baseline -0.001 -18"><span class='ocrx_word' id='word_1_194' title='bbox 155 2877 191 2927; x_wconf 84' lang='lat'>25</span> <span class='ocrx_word' id='word_1_195' title='bbox 208 2871 380 2945; x_wconf 84' lang='lat' dir='ltr'>praefracto</span> <span class='ocrx_word' id='word_1_196' title='bbox 408 2874 507 2926; x_wconf 87' lang='lat' dir='ltr'>rostro</span> <span class='ocrx_word' id='word_1_197' title='bbox 535 2873 601 2926; x_wconf 90' lang='lat' dir='ltr'>tota</span> <span class='ocrx_word' id='word_1_198' title='bbox 628 2864 868 2926; x_wconf 81' lang='lat' dir='ltr'>²⁰collabefieret.</span> <span class='ocrx_word' id='word_1_199' title='bbox 913 2869 981 2942; x_wconf 79' lang='lat' dir='ltr'>Qua</span> <span class='ocrx_word' id='word_1_200' title='bbox 1008 2888 1040 2927; x_wconf 91' lang='lat' dir='ltr'>re</span> <span class='ocrx_word' id='word_1_201' title='bbox 1068 2871 1203 2926; x_wconf 89' lang='lat' dir='ltr'>animad-</span> 
     </span>
     <span class='ocr_line' id='line_1_27' title="bbox 208 2965 1202 3041; baseline -0.003 -16"><span class='ocrx_word' id='word_1_202' title='bbox 208 2985 309 3038; x_wconf 84' lang='lat' dir='ltr'>versa,</span> <span class='ocrx_word' id='word_1_203' title='bbox 326 2984 403 3040; x_wconf 91' lang='lat' dir='ltr'>quae</span> <span class='ocrx_word' id='word_1_204' title='bbox 418 2966 575 3041; x_wconf 86' lang='lat' dir='ltr'>proximae</span> <span class='ocrx_word' id='word_1_205' title='bbox 591 2966 619 3023; x_wconf 91' lang='lat' dir='ltr'>ei</span> <span class='ocrx_word' id='word_1_206' title='bbox 632 2966 701 3023; x_wconf 85' lang='lat' dir='ltr'>loc&#39;o</span> <span class='ocrx_word' id='word_1_207' title='bbox 716 2984 756 3023; x_wconf 90' lang='lat' dir='ltr'>ex</span> <span class='ocrx_word' id='word_1_208' title='bbox 770 2967 857 3023; x_wconf 91' lang='lat' dir='ltr'>Bruti</span> <span class='ocrx_word' id='word_1_209' title='bbox 872 2965 970 3023; x_wconf 89' lang='lat' dir='ltr'>classe</span> <span class='ocrx_word' id='word_1_210' title='bbox 988 2985 1082 3024; x_wconf 87' lang='lat' dir='ltr'>naves</span> <span class='ocrx_word' id='word_1_211' title='bbox 1105 2972 1202 3036; x_wconf 88' lang='lat' dir='ltr'>erant,</span> 
     </span>
    </p>

    <p class='ocr_par' dir='ltr' id='par_1_3' title="bbox 208 3064 1204 3139">
     <span class='ocr_line' id='line_1_28' title="bbox 208 3064 1204 3139; baseline 0 -18"><span class='ocrx_word' id='word_1_212' title='bbox 208 3065 240 3121; x_wconf 89' lang='lat' dir='ltr'>in</span> <span class='ocrx_word' id='word_1_213' title='bbox 276 3083 328 3121; x_wconf 89' lang='lat' dir='ltr'>eas</span> <span class='ocrx_word' id='word_1_214' title='bbox 356 3064 518 3139; x_wconf 83' lang='lat' dir='ltr'>impeditas</span> <span class='ocrx_word' id='word_1_215' title='bbox 543 3064 694 3138; x_wconf 89' lang='lat' dir='ltr'>impetum</span> <span class='ocrx_word' id='word_1_216' title='bbox 719 3064 839 3121; x_wconf 84' lang='lat' dir='ltr'>faciunt</span> <span class='ocrx_word' id='word_1_217' title='bbox 866 3064 1063 3137; x_wconf 91' lang='lat' dir='ltr'>celeriterque</span> <span class='ocrx_word' id='word_1_218' title='bbox 1098 3066 1204 3121; x_wconf 87' lang='lat' dir='ltr'>ambas</span> 
     </span>
    </p>

    <p class='ocr_par' dir='ltr' id='par_1_4' title="bbox 171 3158 1205 3236">
     <span class='ocr_line' id='line_1_29' title="bbox 171 3158 1205 3236; baseline 0 -17"><span class='ocrx_word' id='word_1_219' title='bbox 171 3185 173 3189; x_wconf 95' lang='lat'>·</span> <span class='ocrx_word' id='word_1_220' title='bbox 208 3158 418 3236; x_wconf 74' lang='lat' dir='ltr'>21deprimunt.</span> <span class='ocrx_word' id='word_1_221' title='bbox 462 3161 536 3218; x_wconf 86' lang='lat' dir='ltr'>VII.</span> <span class='ocrx_word' id='word_1_222' title='bbox 568 3161 629 3220; x_wconf 83' lang='lat' dir='ltr'>Sed</span> <span class='ocrx_word' id='word_1_223' title='bbox 644 3162 833 3219; x_wconf 86' lang='lat' dir='ltr'>Nasidianae</span> <span class='ocrx_word' id='word_1_224' title='bbox 848 3180 943 3218; x_wconf 87' lang='lat' dir='ltr'>naves</span> <span class='ocrx_word' id='word_1_225' title='bbox 958 3162 1041 3219; x_wconf 90' lang='lat' dir='ltr'>nullo</span> <span class='ocrx_word' id='word_1_226' title='bbox 1055 3162 1124 3218; x_wconf 87' lang='lat' dir='ltr'>usui</span> <span class='ocrx_word' id='word_1_227' title='bbox 1139 3164 1205 3219; x_wconf 84' lang='lat' dir='ltr'>fue-</span> 
     </span>
    </p>
   </div>
   <div class='ocr_carea' id='block_1_3' title="bbox 279 3340 1061 3815">
    <p class='ocr_par' dir='ltr' id='par_1_5' title="bbox 279 3340 1061 3815">
     <span class='ocr_line' id='line_1_30' title="bbox 351 3340 877 3401; baseline -0.004 -10"><span class='ocrx_word' id='word_1_228' title='bbox 351 3342 372 3375; x_wconf 76' lang='lat'>1⁶</span> <span class='ocrx_word' id='word_1_229' title='bbox 384 3344 510 3401; x_wconf 84' lang='lat' dir='ltr'>habituri,</span> <span class='ocrx_word' id='word_1_230' title='bbox 524 3342 595 3389; x_wconf 78' lang='lat' dir='ltr'>about</span> <span class='ocrx_word' id='word_1_231' title='bbox 606 3350 629 3389; x_wconf 86' lang='lat' dir='ltr'>to</span> <span class='ocrx_word' id='word_1_232' title='bbox 640 3340 708 3400; x_wconf 71' lang='lat' dir='ltr'>lacre,</span> <span class='ocrx_word' id='word_1_233' title='bbox 720 3340 799 3388; x_wconf 81' lang='lat' dir='ltr'>would</span> <span class='ocrx_word' id='word_1_234' title='bbox 809 3340 877 3389; x_wconf 74' lang='lat' dir='ltr'>bave.</span> 
     </span>
     <span class='ocr_line' id='line_1_31' title="bbox 352 3423 856 3488; baseline 0 -15"><span class='ocrx_word' id='word_1_235' title='bbox 352 3424 374 3458; x_wconf 84' lang='lat'>1⁷</span> <span class='ocrx_word' id='word_1_236' title='bbox 386 3424 551 3484; x_wconf 83' lang='lat' dir='ltr'>facultatem,</span> <span class='ocrx_word' id='word_1_237' title='bbox 564 3424 641 3472; x_wconf 82' lang='lat' dir='ltr'>direct</span> <span class='ocrx_word' id='word_1_238' title='bbox 652 3424 727 3488; x_wconf 81' lang='lat' dir='ltr'>object</span> <span class='ocrx_word' id='word_1_239' title='bbox 739 3423 856 3488; x_wconf 81' lang='lat' dir='ltr'>osnacti.</span> 
     </span>
     <span class='ocr_line' id='line_1_32' title="bbox 279 3505 850 3573; baseline -0.012 -12"><span class='ocrx_word' id='word_1_240' title='bbox 279 3559 281 3561; x_wconf 78' lang='grc'>,</span> <span class='ocrx_word' id='word_1_241' title='bbox 352 3506 374 3540; x_wconf 77' lang='lat'>²⁸</span> <span class='ocrx_word' id='word_1_242' title='bbox 386 3508 486 3557; x_wconf 89' lang='lat' dir='ltr'>eminus</span> <span class='ocrx_word' id='word_1_243' title='bbox 502 3508 527 3573; x_wconf 90' lang='lat' dir='ltr'>(e</span> <span class='ocrx_word' id='word_1_244' title='bbox 539 3508 654 3571; x_wconf 88' lang='lat' dir='ltr'>munus),</span> <span class='ocrx_word' id='word_1_245' title='bbox 666 3514 692 3553; x_wconf 86' lang='lat' dir='ltr'>ot</span> <span class='ocrx_word' id='word_1_246' title='bbox 704 3523 721 3553; x_wconf 90' lang='lat' dir='ltr'>a</span> <span class='ocrx_word' id='word_1_247' title='bbox 733 3505 850 3554; x_wconf 83' lang='lat' dir='ltr'>distance.</span> 
     </span>
     <span class='ocr_line' id='line_1_33' title="bbox 352 3582 818 3653; baseline 0 -16"><span class='ocrx_word' id='word_1_248' title='bbox 352 3588 374 3623; x_wconf 79' lang='lat'>1⁹</span> <span class='ocrx_word' id='word_1_249' title='bbox 387 3596 508 3651; x_wconf 88' lang='lat' dir='ltr'>utraque,</span> <span class='ocrx_word' id='word_1_250' title='bbox 520 3590 610 3653; x_wconf 84' lang='lat' dir='ltr'>subject</span> <span class='ocrx_word' id='word_1_251' title='bbox 621 3589 653 3653; x_wconf 85' lang='lat' dir='ltr'>of</span> <span class='ocrx_word' id='word_1_252' title='bbox 659 3582 818 3638; x_wconf 82' lang='lat' dir='ltr'>laborarent.</span> 
     </span>
     <span class='ocr_line' id='line_1_34' title="bbox 352 3656 1061 3735; baseline 0 -15"><span class='ocrx_word' id='word_1_253' title='bbox 352 3671 374 3704; x_wconf 62' lang='lat'>2⁰</span> <span class='ocrx_word' id='word_1_254' title='bbox 386 3671 565 3720; x_wconf 88' lang='lat' dir='ltr'>collabefieret</span> <span class='ocrx_word' id='word_1_255' title='bbox 579 3656 640 3735; x_wconf 88' lang='lat' dir='ltr'>(con</span> <span class='ocrx_word' id='word_1_256' title='bbox 653 3679 675 3728; x_wconf 82' lang='lat'>†</span> <span class='ocrx_word' id='word_1_257' title='bbox 689 3670 751 3719; x_wconf 84' lang='lat' dir='ltr'>labo</span> <span class='ocrx_word' id='word_1_258' title='bbox 763 3677 787 3728; x_wconf 80' lang='grc' dir='ltr'>-Ι-</span> <span class='ocrx_word' id='word_1_259' title='bbox 800 3669 857 3735; x_wconf 83' lang='lat' dir='ltr'>fio),</span> <span class='ocrx_word' id='word_1_260' title='bbox 869 3677 929 3718; x_wconf 82' lang='lat' dir='ltr'>went</span> <span class='ocrx_word' id='word_1_261' title='bbox 941 3678 964 3718; x_wconf 86' lang='lat' dir='ltr'>to</span> <span class='ocrx_word' id='word_1_262' title='bbox 971 3669 1061 3735; x_wconf 79' lang='lat' dir='ltr'>pieres.</span> 
     </span>
     <span class='ocr_line' id='line_1_35' title="bbox 352 3752 837 3815; baseline -0.004 -12"><span class='ocrx_word' id='word_1_263' title='bbox 352 3753 374 3787; x_wconf 76' lang='lat'>²1</span> <span class='ocrx_word' id='word_1_264' title='bbox 386 3754 545 3815; x_wconf 88' lang='lat' dir='ltr'>deprimunt,</span> <span class='ocrx_word' id='word_1_265' title='bbox 554 3752 615 3801; x_wconf 75' lang='lat' dir='ltr'>stuic.</span> <span class='ocrx_word' id='word_1_266' title='bbox 653 3753 702 3803; x_wconf 88' lang='lat' dir='ltr'>See</span> <span class='ocrx_word' id='word_1_267' title='bbox 714 3768 739 3815; x_wconf 91' lang='lat' dir='ltr'>p.</span> <span class='ocrx_word' id='word_1_268' title='bbox 752 3752 837 3812; x_wconf 81' lang='lat'>3‚1.2.</span> 
     </span>
    </p>
   </div>
   <div class='ocr_carea' id='block_1_4' title="bbox 0 0 1422 4300">
    <p class='ocr_par' dir='ltr' id='par_1_6' title="bbox 0 0 1422 4300">
     <span class='ocr_line' id='line_1_36' title="bbox 0 0 1422 4300; baseline 0 0"><span class='ocrx_word' id='word_1_269' title='bbox 0 0 1422 4300; x_wconf 95' lang='lat' dir='ltr'> </span> 
     </span>
    </p>
   </div>
  </div>
 </body>
</html>
