2817 4300
187 377 229 442 78
371 393 586 439 SELECTIONS
608 393 712 438 FROM
734 392 846 437 LATIN
869 391 1053 438 AUTHORS.

186 581 283 636 Nisus
297 581 416 635 advises
430 597 450 634 a
465 579 537 647 lrnll,
549 579 599 634 but
613 579 772 650 Euryalus
786 581 813 633 is
826 585 878 634 not
892 581 1038 662 satisfieri,
1049 581 1112 634 aad
1126 581 1239 635 carries

588 677 634 748 off
642 693 722 731 some
737 676 839 748 spoils.

261 809 384 865 carpere
399 809 524 866 gramen
540 809 652 862 equos:
676 790 812 846 brevitur
827 809 894 846 cum
909 790 982 846 talia
997 791 1103 859 Nisus,
1205 849 1206 852 ,

261 891 357 946 sensit
371 889 451 945 enim
466 889 560 944 nimia
575 889 668 944 caede
684 894 775 960 atque
791 889 932 961 cupidine
947 888 1038 944 ferri:

187 996 243 1043 355
262 986 502 1053 ‘Absistemus’
518 986 571 1055 ait,
591 991 681 1041 ‘nam
695 985 749 1041 lux
765 985 887 1042 inimica
900 987 1094 1059 propinquat.

259 1087 429 1141 Poenarum
445 1085 627 1139 exhaustum
643 1083 719 1139 satis
735 1088 790 1153 est,
807 1083 857 1138 via
872 1084 956 1139 lacta
972 1100 1026 1156 per
1039 1084 1161 1139 hostis)

259 1182 360 1238 Multa
376 1181 471 1237 virum
487 1180 586 1236 solido
602 1185 729 1255 argento
744 1181 882 1254 perfecta
896 1179 1070 1254 relinquunt

260 1296 403 1352 armaque
419 1284 613 1350 craterasque
629 1277 719 1333 simul
733 1277 934 1351 pulchrosque
950 1282 1081 1350 tapetas.

260 1376 412 1451 Euryalus
426 1372 583 1448 1phaleras
597 1371 793 1430 ²Rhamnetis
809 1378 840 1430 et
855 1392 945 1430 aurea
960 1374 1051 1430 bullis

188 1481 245 1530 360
259 1471 407 1548 ³cingula,
425 1472 545 1528 Tiburti
561 1471 689 1528 Remulo
704 1472 872 1528 ditissimus
888 1471 959 1528 olim

240 1640 244 1644 ι
261 1589 338 1643 quae
353 1570 447 1626 mittit
461 1570 543 1626 dona
557 1569 690 1652 hospitio
706 1586 774 1625 cum
789 1569 928 1644 iungeret
942 1570 1054 1626 absens

261 1668 422 1735 Caedicus,
440 1666 489 1722 ille
505 1684 561 1722 suo
577 1666 708 1722 moriens
723 1667 777 1722 dat
791 1666 902 1723 habere
917 1667 1032 1740 nepoti,

264 1764 352 1842 [post
365 1770 495 1820 mortem
510 1764 590 1819 bello
605 1763 710 1819 Rutuli
725 1781 886 1839 pugnaque
902 1762 1007 1840 potiti]

261 1864 335 1919 haec
350 1861 431 1934 rapit
446 1868 537 1933 atquc
552 1861 664 1916 umeris
679 1861 862 1933 nequiquam
878 1861 1009 1917 fortibus
1026 1867 1122 1934 aptat.

187 1969 244 2016 365
260 1961 338 2016 Tum
352 1959 471 2032 galeam
487 1958 626 2030 Messapi
638 1955 785 2014 ⁴habilem
802 1957 961 2030 cristisque
977 1959 1118 2014 decoram

261 2056 369 2112 induit.
414 2055 578 2111 Excedunt
592 2055 701 2111 castris
717 2061 748 2110 et
762 2059 829 2110 tuta
844 2059 1019 2127 capessunt.

284 2218 344 2274 Tlre
353 2219 487 2289 parsuit.
532 2218 627 2272 Nisus
641 2224 672 2272 at
685 2218 757 2290 first
772 2217 871 2272 eludes
886 2217 932 2271 ln's
948 2234 1106 2289 parsuers.

298 2333 422 2388 interea
436 2330 595 2403 praemissi
611 2332 728 2403 equites
744 2349 783 2386 ex
799 2330 872 2386 urbe
888 2330 1007 2401 Latina,

260 2435 362 2486 cetera
376 2429 449 2484 dum
462 2427 543 2502 legio
558 2428 672 2501 campis
689 2428 837 2483 instructa
848 2432 993 2497 moratur,

260 2527 346 2582 ibant
360 2530 391 2581 et
405 2526 509 2580 Turno
524 2526 588 2600 regi
603 2542 751 2598 responsa
766 2525 919 2593 ferebant,

187 2632 245 2681 370
261 2628 441 2691 tercentum,
459 2622 571 2678 scutati
585 2639 702 2690 omneS,
718 2620 866 2678 Volcente
881 2623 1039 2698 magistro.

260 2721 386 2793 Iamque
402 2719 650 2793 propinquabant
664 2718 772 2775 castris
788 2736 950 2791 murosque
966 2720 1121 2781 subibant,

261 2836 329 2874 cum
341 2816 446 2890 procul
460 2817 516 2871 hos
531 2815 619 2872 laevo
633 2816 784 2872 flectentis
798 2813 909 2872 ⁵limite
925 2823 1052 2872 cernunt

261 2920 292 2971 et
305 2914 393 2989 galea
408 2912 575 2987 Euryalum
590 2912 736 2969 sublustri
752 2914 850 2969 noctis
866 2913 896 2969 in
911 2915 1018 2969 umbra

261 3011 395 3085 prodidit
409 3010 614 3066 immemorem
629 3010 781 3082 radiisque
798 3010 928 3067 adversa
942 3011 1074 3067 refulsit.

187 3116 244 3165 375
260 3092 480 3164 Haud'temere
496 3114 543 3163 est
556 3108 666 3163 visum.
706 3105 885 3164 Conclamat
899 3108 938 3163 ab
950 3108 1070 3183 agmine
1081 3109 1234 3165 Volcens:

262 3211 270 3238 ⁶
285 3205 383 3270 State,
400 3203 467 3261 viri.
499 3203 584 3276 Quae
599 3202 795 3261 causariae?
824 3204 920 3277 Quive
936 3205 1010 3261 estis
1026 3206 1057 3261 in
1073 3204 1185 3261 armis?

261 3302 366 3375 Quove
382 3302 493 3358 tenetis
509 3300 601 3357 iter?'
644 3301 729 3357 Nihil
744 3302 786 3357 illi
801 3302 925 3359 tendere
941 3307 1058 3372 contra,

262 3400 316 3456 sed
331 3399 463 3456 celerare
479 3399 585 3474 fugam
601 3399 632 3455 in
647 3398 741 3454 silvas
757 3404 787 3455 et
801 3400 892 3456 fidere
908 3400 1000 3456 nocti.

347 3551 349 3554 '
361 3547 369 3576 ¹
382 3549 513 3610 phaleras,
525 3549 659 3612 truppinps.
778 3548 788 3579 2
801 3550 962 3607 Rhamnetis,
970 3567 1022 3613 pen.

360 3630 371 3661 ⁸
383 3646 463 3679 aurea
476 3632 555 3679 bullis
567 3631 681 3692 cingula,
694 3635 709 3656 “
716 3630 867 3694 yold-lrossed
879 3629 947 3679 bell.”
956 3632 1116 3681 -Monnrs

360 3712 371 3744 4
383 3714 498 3761 habilem
507 3736 531 3755 =
542 3721 632 3774 aptam
644 3720 671 3761 et
683 3714 889 3761 convenientem.

360 3794 371 3826 ⁵
383 3796 474 3854 limite,
486 3811 539 3858 syn.
552 3794 619 3853 finis,
632 3796 767 3855 terminus,
780 3796 940 3844 extremitas.
976 3796 1023 3844 See
1036 3797 1053 3845 l.
1066 3796 1122 3845 323.
