2817 4300
396 385 643 432 nvuuunnruu
664 385 867 432 sueuunuu
889 385 1025 432 nuenu.
1194 369 1235 434 25
1281 389 1290 410 ·

227 565 244 615 ὅ
267 556 454 615 Convocatis
469 556 571 628 itaque
587 556 716 631 singulis
730 556 927 613 debetoribus
949 556 1064 612 domini
1085 557 1143 623 sui,
1157 557 1237 614 dixit

184 655 294 730 prime,
312 653 465 726 Quantum
482 654 575 710 debes
590 654 715 709 domino
729 652 817 709 meo?

227 761 244 810 6
266 753 298 809 Is
324 757 425 808 autern
448 752 501 822 ait,
526 750 656 808 Centum
680 748 785 808 ³bat0s
807 751 877 808 olei.
924 752 1004 808 Tum
1023 751 1074 808 ille
1095 752 1174 809 dixit
1195 753 1234 817 ei,

184 851 302 923 Accipe
317 849 438 906 tabulas
454 855 534 917 tuae,
552 854 583 905 et
598 849 669 905 sede
686 849 759 918 citb,
776 855 808 905 et
822 850 920 906 scribe
935 849 1166 925 quinquaginta.

226 955 243 1005 7
266 948 385 1004 Deinde
409 947 460 1003 alii
483 947 573 1016 dixit,
597 947 643 1002 Tu
668 947 740 1003 verb
762 951 909 1019 quantum
930 945 1045 1003 debes?
1087 949 1120 1004 Is
1135 953 1237 1004 autem

184 1045 239 1115 ait,
253 1044 383 1103 Centum
397 1041 502 1101 ‘¹cor0s
516 1044 619 1100 tritici.
664 1045 742 1100 Turn
758 1043 823 1116 ipse
838 1043 919 1100 dixit
932 1043 971 1111 ei,
984 1044 1100 1118 Accipe
1116 1045 1235 1101 tabulas

184 1149 266 1211 tuas,
283 1147 314 1198 et
328 1142 427 1199 scribe
442 1142 610 1216 octoginta.

225 1247 243 1296 8
266 1240 307 1297 Et
320 1240 458 1296 laudavit
473 1239 613 1295 dominus
636 1238 684 1295 ille
706 1238 951 1311 dispensatorem
973 1238 1132 1311 injustum,
1155 1240 1237 1312 qubd

184 1338 349 1411 prudenter
364 1338 500 1393 fecisset.
547 1334 636 1392 Certe
651 1336 704 1392 filii
719 1336 811 1408 hujus
827 1335 922 1393 seculi
935 1336 1148 1410 prudentiores
1163 1342 1237 1394 sunt

184 1435 254 1490 filiis
269 1434 345 1491 lucis
361 1434 391 1490 in
408 1451 464 1490 suo
478 1451 599 1508 genere.

225 1539 243 1586 9
265 1531 319 1588 Sic
334 1533 426 1588 etiam
442 1549 499 1605 ego
514 1531 602 1586 vobis
617 1531 703 1588 dieo:
728 1530 833 1587 Facite
847 1531 936 1588 vobis
958 1530 1073 1588 amicos
1089 1550 1128 1588 ex
1142 1551 1237 1588 marn-

184 1631 276 1685 mont
297 1629 432 1702 injust03
455 1634 489 1685 ut
509 1646 600 1701 quum
623 1628 811 1699 defeceritis,
829 1628 978 1702 recipiant
992 1647 1048 1686 vos
1064 1629 1094 1685 in
1113 1635 1237 1686 aeterna

184 1727 236 1783 illa
249 1723 473 1783 ⁵tabernaeula.

226 1832 263 1881 10
285 1823 344 1897 Qui
358 1824 457 1880 fidelis
473 1829 521 1880 cst
534 1841 644 1897 pauco,
662 1823 755 1880 etiam
769 1822 800 1878 in
816 1823 912 1879 multo
932 1822 1031 1880 fidelis
1051 1830 1117 1880 est:
1139 1824 1236 1897 etqui

184 1923 216 1978 in
232 1939 330 1995 pauco
345 1922 479 1994 injustus
494 1927 552 1990 est,
569 1922 661 1978 etiam
676 1921 707 1976 in
722 1921 818 1977 multo
833 1921 967 1994 injustus
982 1927 1040 1978 est.

227 2028 262 2075 11
285 2019 406 2093 Itaque,
424 2018 497 2074 siin
512 2019 615 2075 fallaci
638 2020 811 2075 mammona
827 2019 931 2075 fideles
946 2037 1008 2076 non
1023 2019 1138 2089 fuistis,
1154 2020 1235 2092 quod

183 2134 289 2176 verum
305 2121 362 2186 est,
380 2116 449 2190 quis
464 2117 561 2174 credit
578 2115 687 2175 vobis?

226 2223 263 2273 12
284 2216 346 2271 ‘At
369 2215 446 2271 siin
469 2214 567 2271 alieno
589 2214 695 2271 fideles
718 2232 779 2271 nou
799 2214 914 2284 fuistis
931 2215 1013 2287 quod
1032 2221 1167 2272 vestrum
1188 2220 1236 2272 est

183 2314 252 2387 quis
268 2314 355 2370 dabit
369 2311 477 2369 vobis?

225 2418 261 2467 13
284 2411 395 2466 Nullus
411 2428 517 2467 servus
533 2416 635 2483 potest
650 2409 770 2465 duobus
785 2410 916 2466 dominis
932 2410 1064 2467 servire:
1088 2416 1141 2466 aut
1155 2410 1234 2466 enim

182 2526 277 2564 unum
298 2509 368 2565 odio
391 2508 527 2577 habebit,
544 2513 575 2564 et
597 2508 725 2564 alterurn
747 2507 871 2582 diliget3
896 2514 950 2563 aut
971 2508 1022 2563 uni
1044 2508 1233 2576 adhaerebit,

184 2610 215 2662 et
239 2606 368 2663 alterum
393 2610 578 2663 contemnet.
624 2607 695 2661 Non
719 2605 849 2679 potestis
872 2605 940 2661 Deo
955 2606 1067 2662 servire
1090 2610 1121 2662 et
1142 2624 1235 2661 marn-

183 2721 303 2760 monae.

225 2808 261 2856 14
284 2801 463 2857 Audiebant
478 2806 579 2857 autem
594 2800 669 2857 haec
682 2800 784 2855 omnia
796 2800 887 2856 etiam
902 2799 1071 2869 Pharisaei,
1085 2800 1236 2874 quierant

184 2899 267 2955 avari
280 2918 286 2966 ;
310 2903 341 2955 et
354 2894 476 2954 ⁶sannis
491 2916 559 2954 eum
574 2898 779 2972 excipiebant.

226 3002 261 3051 15
283 2996 370 3052 Tune
385 2995 465 3052 dixit
479 2995 535 3065 eis,
553 2994 569 3025 Β
574 2996 638 3051 Vos
654 2996 673 3050 ii
690 2996 766 3051 estis
780 2996 832 3067 qui
853 2995 1029 3068 justificatis
1046 2995 1188 3068 vosipsos
1203 2995 1234 3051 in

182 3092 337 3148 hominum
359 3099 543 3166 conspectu:
566 3092 651 3149 Deus
674 3098 776 3149 autem
799 3094 885 3149 novit
905 3093 998 3149 corda
1020 3097 1139 3160 vestra3
1163 3092 1233 3164 quia

221 3248 253 3295 A.
272 3248 308 3295 Et
326 3248 347 3296 si
365 3264 417 3296 non
435 3248 524 3296 inistis
542 3247 632 3295 fideles
650 3248 676 3295 in
695 3248 791 3305 alieno,
806 3248 864 3309 quis
880 3247 953 3295 dabit
967 3248 1043 3296 bobis
1059 3246 1088 3294 id
1105 3248 1175 3308 quod
1193 3254 1233 3295 est

182 3337 307 3379 vestrum.

223 3414 256 3461 B.
274 3412 329 3461 Vos
342 3413 405 3461 estis
417 3412 435 3460 ii
447 3413 492 3474 qui
508 3412 668 3474 justificatis.

476 3540 486 3573 ³
503 3542 579 3588 batos
592 3540 650 3599 olei,
665 3557 783 3587 ruecsures
795 3538 870 3603 oscil.

476 3624 487 3655 ⁴
505 3639 580 3671 coros
592 3624 681 3680 tritici,
694 3639 814 3670 rueasures
826 3621 945 3685 oswlteat.

476 3705 486 3738 ⁵
504 3706 688 3754 tabernacula:
707 3722 759 3768 syn.
775 3704 876 3754 domus

475 3788 486 3821 ⁶
504 3788 606 3837 saunis:
625 3804 678 3851 spu.
690 3788 789 3836 irrisus.
