2817 4300
529 388 646 435 snoar
668 387 864 438 nxrsscrs.
1160 371 1222 436 175

171 577 254 616 mum
278 558 404 616 Albani.
448 559 490 616 Et
514 559 627 614 bellum
650 560 800 632 utrimque
823 577 941 616 summa
962 577 1020 633 ope
1043 560 1220 634 parabatur,

171 656 254 713 civili
269 655 455 712 simillimum
469 655 561 726 bello,
578 673 674 729 prope
695 655 775 712 inter
789 662 932 729 parentes
955 661 1122 730 natosque3
1146 658 1222 713 Tro-

166 755 273 826 janam
288 757 446 825 utramque
462 753 589 825 prolem,
605 771 697 826 quum
714 752 875 810 Lavinium
890 755 929 810 ab
947 755 1053 827 Troja‚
1071 755 1108 810 ab
1131 755 1222 811 Lavi-

170 848 223 904 nio
234 848 327 919 Alba,
341 849 380 905 ab
391 849 583 906 Albanorum
598 850 692 922 stirpe
707 868 813 924 regum
823 851 943 908 oriundi
958 851 1089 908 Romani
1104 858 1219 910 essent.

520 1030 569 1084 67.
599 1028 739 1084 Inruerea
759 1029 870 1085 VrrAu.

383 1143 508 1217 Integer
521 1142 603 1200 vitae
618 1141 801 1216 scelerisque
815 1161 909 1216 purus

384 1239 455 1296 Non
470 1244 540 1314 eget
554 1240 672 1296 Mauris
684 1240 794 1312 jaculis
810 1258 907 1314 neque
922 1260 1005 1311 arcu,

382 1337 450 1393 Nec
464 1337 624 1393 venenatis
638 1338 766 1412 gravida
781 1338 914 1414 sagittis,

584 1434 691 1505 Fusco,
707 1436 867 1509 pharetra;

384 1531 455 1590 Sive
470 1550 524 1606 per
539 1532 645 1608 Syrtes
659 1532 718 1589 iter
733 1538 903 1605 aestuosas,

384 1629 455 1687 Sive
470 1630 608 1686 facturus
622 1647 677 1702 per
691 1629 906 1704 inhospitalem

384 1725 567 1795 Caucasum,
583 1727 632 1783 vel
646 1745 724 1799 quae
739 1727 807 1785 loca
822 1729 981 1788 fabulosus

584 1823 706 1881 Lambit
721 1825 895 1900 Hydaspes.

381 1922 521 1996 Namque
536 1940 584 1978 me
599 1921 677 1978 silva
691 1922 780 1996 lupus
796 1924 827 1980 in
843 1924 965 1996 Sabina,

382 2020 463 2075 Dum
478 2037 577 2076 meam
591 2025 683 2076 canto
698 2021 845 2100 Lalagen,
863 2027 894 2078 et
908 2022 987 2080 ultra

382 2117 559 2174 Terminum
573 2117 653 2175 euris
669 2136 765 2194 vagor
780 2119 943 2193 expeditis,

583 2216 676 2291 Fugit
689 2216 834 2273 inermem
846 2238 853 2273 :

382 2312 478 2385 Quale
493 2318 669 2387 portentum
683 2330 781 2386 neque
796 2314 935 2372 militaris
1022 2379 1024 2383 ,

382 2410 520 2467 Daunias
534 2410 605 2467 latis
620 2411 675 2467 alit
689 2412 851 2469 aesculetis
863 2430 870 2481 ;

382 2506 412 2563 N
414 2525 449 2564 ec
461 2507 483 2564 J
485 2508 563 2563 ubae
577 2508 668 2565 tellus
682 2514 820 2584 generat,
837 2509 958 2567 leonum

581 2605 680 2662 Arida
695 2606 810 2663 nutrix.

379 2703 464 2759 Pone
479 2721 527 2759 me
541 2702 637 2779 pigris
651 2702 704 2759 ubi
720 2703 803 2761 nulla
818 2706 933 2778 campis

380 2799 484 2857 Arbor
497 2800 616 2857 aestiva
630 2806 784 2857 recreatur
799 2819 872 2859 aura

380 2896 470 2969 Quod
483 2897 565 2955 latus
580 2899 686 2955 mundi
699 2899 829 2957 nebulae
843 2901 1001 2975 malusque

579 2996 702 3070 Jupiter
716 3002 804 3073 urget
816 3016 822 3067 ;

379 3092 464 3149 Pone
479 3094 537 3149 sub
552 3110 640 3150 curru
655 3093 781 3151 nimium
795 3096 957 3169 propinqui

381 3188 472 3260 Solis,
488 3189 520 3246 in
535 3195 617 3247 terra
631 3191 773 3248 domibus
788 3197 917 3266 negata:

380 3286 477 3344 Dulce
490 3287 641 3345 ridentem
656 3288 792 3364 Lalagen
807 3290 928 3358 amabe,

580 3384 677 3442 Dulce
692 3385 877 3458 loquentem.

371 3565 420 3619 68.
452 3562 567 3620 Cressa
588 3582 731 3621 rmrsrrns
751 3582 813 3623 run
836 3564 1015 3623 Csursmu.

208 3677 267 3733 His
292 3678 383 3734 rebus
409 3679 571 3746 confectis
598 3679 629 3735 in
653 3680 780 3735 Aeduos
809 3679 1027 3752 proficiscitur3
1062 3680 1217 3736 civilatem

167 3763 286 3849 recipit.
330 3774 377 3831 Eo
404 3774 498 3850 legati
526 3776 566 3832 ab
594 3776 743 3833 Arvernis
771 3775 867 3845 missi,
887 3794 964 3849 quae
993 3776 1156 3850 imperaret
1185 3793 1217 3832 se
