2817 4300
177 365 241 428 154
359 379 579 428 sunnorrons
601 379 703 427 naon
725 380 837 428 nnnrn
859 380 1042 430 nunnoas.

177 553 308 626 pharent
331 552 483 610 calumnia
507 568 684 626 paucorum,
711 552 822 625 quibus
847 553 949 609 omnia
976 553 1106 612 honesta
1134 561 1226 629 atque

176 650 339 706 inhonesta
360 651 493 706 vendere
515 666 580 706 mos
602 650 805 718 erat3-—sed
826 656 983 723 praetores
1005 650 1043 724 Q..
1064 653 1225 727 Pompeius

176 747 274 803 Rut'us
289 745 437 820 Capuam,
454 746 492 819 Q·
509 747 654 804 Metellus
669 745 759 804 Celer
773 747 803 803 in
826 765 933 823 agrum
946 749 1104 820 Picenum,
1121 750 1225 825 eisque

176 845 369 918 permissum,
387 845 431 901 uti
451 845 506 918 p'ro
527 850 663 919 tempore
683 851 775 919 atque
797 846 932 919 periculo
954 847 1122 904 exercitum
1143 867 1225 907 com·

176 949 329 1017 pararent.
373 944 425 1000 Ad
439 945 508 1013 hoc,
525 944 551 1000 si
566 945 634 1016 quis
649 943 849 1000 indicavisset
863 945 901 1001 de
918 947 1130 1018 conjuratione
1145 965 1223 1021 quae

177 1047 282 1098 contra
302 1059 366 1099 rem
386 1041 538 1116 publicam
559 1043 641 1100 sacta
659 1048 737 1112 erat,
755 1045 921 1116 praemium
941 1062 1031 1101 servo
1051 1045 1224 1102 libertatem

176 1145 207 1196 ct
231 1141 373 1198 sestertia
394 1146 527 1210 centum,
549 1140 646 1198 libero
667 1141 880 1215 impunitatem
902 1146 966 1217 ejus
992 1143 1036 1199 rei
1061 1147 1093 1200 et
1113 1148 1223 1200 sester-

176 1239 218 1294 tia
242 1239 392 1307 ducenta3
425 1240 556 1312 itemque
585 1240 758 1310 decrevere,
786 1240 829 1297 uti
857 1241 1060 1316 gladiatoriae
1089 1239 1223 1297 familiae

174 1335 312 1410 Capuam
333 1342 365 1394 et
386 1337 416 1392 in
436 1342 538 1394 cetera
557 1337 722 1411 municipia
737 1337 991 1394 distribuerentur
1005 1355 1060 1411 pro
1075 1339 1223 1410 cujusque

174 1434 295 1507 opibus,
316 1435 432 1491 Romae
453 1452 508 1508 per
521 1439 618 1490 totam
639 1435 744 1491 urbem
759 1435 881 1510 vigiliae
902 1434 1097 1504 haberentur,
1119 1435 1222 1507 eisque

174 1531 306 1588 minores
320 1532 519 1607 magistratus
533 1537 720 1606 praeessent.

408 1727 457 1782 38.
496 1723 607 1783 Onno's
627 1727 735 1782 Vmws
757 1742 796 1783 os
817 1724 887 1782 Onu
908 1727 992 1782 Aen.

215 1837 311 1896 Caro.
363 1839 488 1896 Faciam
513 1845 546 1896 ut
571 1845 689 1913 poter0,
718 1839 812 1895 Laeli.
868 1838 965 1912 Saepe
991 1839 1072 1895 enim
1096 1839 1222 1896 interfui

174 1936 316 2010 querellis
338 1936 509 2009 aequalium
530 1954 814 2010 meorum-pares
837 1944 948 2003 autern,
972 1941 1076 1993 vetere
1101 1954 1223 2010 prover-

174 2035 236 2103 bio,
250 2052 317 2092 cum
333 2034 457 2108 paribus
473 2033 613 2090 facillime
629 2039 854 2108 congregantur
865 2050 990 2107 —quae
1006 2032 1041 2090 O.
1057 2032 1221 2104 Salinator,

174 2149 252 2206 qnae
275 2131 329 2206 Sp.
349 2131 493 2201 Albinae,
516 2132 654 2189 homines
676 2131 852 2189 consulares
875 2131 972 2189 nostri
994 2133 1059 2189 lere
1082 2131 1224 2205 aequales

174 2230 333 2304 deplorare
362 2229 512 2299 solebant,
543 2235 607 2286 tum
636 2230 718 2303 quod
743 2229 953 2303 voluptatibus
983 2234 1132 2299 carerent,
1159 2230 1224 2286 sine

174 2329 285 2401 quibus
300 2328 396 2385 vitam
415 2327 528 2384 nullam
550 2334 704 2401 putarent,
721 2334 785 2383 tum
801 2329 881 2401 quod
902 2333 1119 2401 spernerentur
1134 2328 1224 2385 abiis

175 2446 193 2483 a
207 2426 317 2500 quibus
334 2431 438 2483 essent
453 2424 510 2482 coli
526 2424 617 2482 soliti.
659 2424 718 2498 Qui
734 2425 803 2481 mihi
821 2443 881 2481 non
897 2424 928 2481 id
940 2425 1123 2481 videbantur
1138 2442 1224 2483 accu-

175 2542 242 2581 sare
262 2525 342 2597 quod
363 2528 445 2579 esset
467 2523 682 2579 accusandum.
728 2523 808 2579 Nam
829 2522 855 2578 si
880 2522 911 2578 id
940 2522 1029 2595 culpa
1058 2522 1225 2579 senectutis

175 2622 337 2689 accideret,
355 2621 461 2678 eadem
477 2620 550 2676 mihi
564 2638 621 2676 usu
636 2621 777 2677 venirent
790 2619 974 2692 reliquisque
989 2620 1130 2676 omnibus
1152 2620 1225 2675 mai-

175 2719 279 2776 oribus
295 2724 380 2788 natu,
397 2736 525 2792 quorum
540 2735 597 2793 ego
611 2718 775 2773 multorum
797 2717 927 2791 cognovi
949 2721 1139 2774 senectutem
1160 2717 1225 2773 sine

174 2817 319 2889 querella,
333 2818 385 2890 qui
400 2834 432 2873 se
448 2823 479 2873 et
489 2813 647 2872 libidinum
659 2814 789 2873 vinculis
803 2815 927 2871 laxatos
939 2832 1006 2871 esse
1022 2833 1082 2871 non
1097 2813 1225 2871 moleste

175 2915 303 2984 ferrent,
320 2933 376 2972 nec
395 2934 414 2973 a
435 2916 499 2971 suis
514 2914 751 2987 despicerentur.
798 2912 858 2969 Sed
878 2912 1011 2969 omniurn
1033 2912 1122 2970 istius
1143 2912 1226 2968 modi

175 3014 377 3085 querellarum
398 3014 428 3069 in
449 3012 583 3068 moribus
605 3016 653 3068 est
672 3010 772 3084 culpa,
789 3028 850 3067 non
869 3010 898 3065 in
915 3015 1026 3067 aetate.
1071 3009 1226 3067 Moderati

154 3169 156 3175 s
175 3113 257 3168 enim
271 3121 301 3168 et
315 3129 371 3168 nec
386 3110 522 3167 difficiles
538 3127 594 3165 neo
609 3108 765 3164 inhumani
781 3125 869 3164 senes
881 3106 1070 3163 tolerabilem
1086 3112 1225 3163 senectu-

174 3215 235 3266 tem
252 3213 366 3285 agunt3
389 3207 603 3281 importunitas
623 3210 725 3262 autem
747 3209 778 3261 et
799 3204 1004 3260 inhumanitas
1027 3203 1110 3261 omni
1131 3204 1225 3260 aetati

174 3306 304 3363 molesta
318 3311 376 3363 est.

399 3467 449 3522 39.
486 3466 557 3521 Tus
579 3456 748 3521 Smnnrron
769 3479 809 3520 on
830 3460 1000 3519 Gaanranr.

215 3580 382 3639 Germania
396 3580 494 3637 omnis
510 3597 528 3635 a
543 3577 642 3635 Gallis
657 3576 824 3648 Raetisque
839 3580 870 3632 et
884 3574 1052 3631 Pannoniis
1067 3575 1175 3631 Rheno
1194 3580 1225 3632 et

174 3678 318 3735 Danuvio
339 3678 523 3744 fluminibus,
547 3695 566 3733 a
587 3674 735 3733 Sarmatis
757 3674 911 3745 Dacisque
938 3677 1042 3728 mutuo
1064 3679 1146 3728 metu
1173 3678 1226 3729 aut

174 3776 329 3833 montibus
354 3779 531 3849 separatum
565 3778 666 3830 cetera
690 3789 823 3831 oceanus
850 3770 955 3838 ambit,
980 3769 1059 3825 latos
1085 3770 1169 3826 sinus
1195 3774 1226 3826 et
