<?xml version="1.0" encoding="UTF-8"?>
<!DOCTYPE html PUBLIC "-//W3C//DTD XHTML 1.0 Transitional//EN"
    "http://www.w3.org/TR/xhtml1/DTD/xhtml1-transitional.dtd">
<html xmlns="http://www.w3.org/1999/xhtml" xml:lang="en" lang="en">
 <head>
  <title>
</title>
<meta http-equiv="Content-Type" content="text/html;charset=utf-8" />
  <meta name='ocr-system' content='tesseract 3.04.00' />
  <meta name='ocr-capabilities' content='ocr_page ocr_carea ocr_par ocr_line ocrx_word'/>
</head>
<body>
  <div class='ocr_page' id='page_1' title='image "./selectionsfroml01tomlgoog_0163.png"; bbox 0 0 2817 4300; ppageno 0'>
   <div class='ocr_carea' id='block_1_1' title="bbox 531 395 870 442">
    <p class='ocr_par' dir='ltr' id='par_1_1' title="bbox 531 395 870 442">
     <span class='ocr_line' id='line_1_1' title="bbox 531 395 870 442; baseline 0 0"><span class='ocrx_word' id='word_1_1' title='bbox 531 395 649 442; x_wconf 81' lang='lat' dir='ltr'>SHORT</span> <span class='ocrx_word' id='word_1_2' title='bbox 670 395 870 442; x_wconf 79' lang='lat' dir='ltr'>EXTRAOTS.</span> 
     </span>
    </p>
   </div>
   <div class='ocr_carea' id='block_1_2' title="bbox 421 581 969 641">
    <p class='ocr_par' dir='ltr' id='par_1_2' title="bbox 421 581 969 641">
     <span class='ocr_line' id='line_1_2' title="bbox 421 581 969 641; baseline -0.002 -1"><span class='ocrx_word' id='word_1_3' title='bbox 421 584 470 640; x_wconf 78' lang='lat'>22.</span> <span class='ocrx_word' id='word_1_4' title='bbox 501 583 572 639; x_wconf 78' lang='lat' dir='ltr'>Tua</span> <span class='ocrx_word' id='word_1_5' title='bbox 594 581 702 640; x_wconf 73' lang='lat' dir='ltr'>Grues</span> <span class='ocrx_word' id='word_1_6' title='bbox 724 598 842 640; x_wconf 82' lang='lat' dir='ltr'>oecurr</span> <span class='ocrx_word' id='word_1_7' title='bbox 863 583 969 641; x_wconf 81' lang='lat' dir='ltr'>Romu.</span> 
     </span>
    </p>
   </div>
   <div class='ocr_carea' id='block_1_3' title="bbox 143 695 1226 1841">
    <p class='ocr_par' dir='ltr' id='par_1_3' title="bbox 143 695 1226 1841">
     <span class='ocr_line' id='line_1_3' title="bbox 214 695 1225 770; baseline -0.004 -13"><span class='ocrx_word' id='word_1_8' title='bbox 214 699 372 757; x_wconf 87' lang='lat' dir='ltr'>Romanus</span> <span class='ocrx_word' id='word_1_9' title='bbox 393 696 464 754; x_wconf 91' lang='lat' dir='ltr'>inde</span> <span class='ocrx_word' id='word_1_10' title='bbox 486 695 638 753; x_wconf 88' lang='lat' dir='ltr'>exereitus</span> <span class='ocrx_word' id='word_1_11' title='bbox 660 713 699 752; x_wconf 88' lang='lat' dir='ltr'>ex</span> <span class='ocrx_word' id='word_1_12' title='bbox 721 696 794 753; x_wconf 90' lang='lat' dir='ltr'>urbe</span> <span class='ocrx_word' id='word_1_13' title='bbox 817 696 945 753; x_wconf 90' lang='lat' dir='ltr'>eductus</span> <span class='ocrx_word' id='word_1_14' title='bbox 960 696 991 752; x_wconf 93' lang='lat' dir='ltr'>in</span> <span class='ocrx_word' id='word_1_15' title='bbox 1005 695 1072 770; x_wconf 90' lang='lat' dir='ltr'>ripa</span> <span class='ocrx_word' id='word_1_16' title='bbox 1093 695 1225 753; x_wconf 86' lang='lat' dir='ltr'>fluminis</span> 
     </span>
     <span class='ocr_line' id='line_1_4' title="bbox 173 792 1225 867; baseline -0.005 -14"><span class='ocrx_word' id='word_1_17' title='bbox 173 796 275 853; x_wconf 87' lang='lat' dir='ltr'>Alliae</span> <span class='ocrx_word' id='word_1_18' title='bbox 304 799 406 852; x_wconf 91' lang='lat' dir='ltr'>castra</span> <span class='ocrx_word' id='word_1_19' title='bbox 433 793 547 867; x_wconf 82' lang='lat' dir='ltr'><strong>posuit.</strong></span> <span class='ocrx_word' id='word_1_20' title='bbox 592 793 640 849; x_wconf 92' lang='lat' dir='ltr'>lbi</span> <span class='ocrx_word' id='word_1_21' title='bbox 669 793 783 866; x_wconf 90' lang='lat' dir='ltr'>impetu</span> <span class='ocrx_word' id='word_1_22' title='bbox 807 811 825 849; x_wconf 91' lang='lat' dir='ltr'>a</span> <span class='ocrx_word' id='word_1_23' title='bbox 846 792 946 852; x_wconf 85' lang='lat' dir='ltr'>Gallis</span> <span class='ocrx_word' id='word_1_24' title='bbox 974 794 1071 862; x_wconf 80' lang='lat' dir='ltr'>lactc,</span> <span class='ocrx_word' id='word_1_25' title='bbox 1094 793 1225 850; x_wconf 88' lang='lat' dir='ltr'>Romani</span> 
     </span>
     <span class='ocr_line' id='line_1_5' title="bbox 174 889 1225 968; baseline -0.005 -17"><span class='ocrx_word' id='word_1_26' title='bbox 174 891 326 968; x_wconf 81' lang='lat' dir='ltr'>perterriti</span> <span class='ocrx_word' id='word_1_27' title='bbox 354 891 489 966; x_wconf 86' lang='lat' dir='ltr'>fugiunt,</span> <span class='ocrx_word' id='word_1_28' title='bbox 516 895 547 948; x_wconf 90' lang='lat' dir='ltr'>et</span> <span class='ocrx_word' id='word_1_29' title='bbox 575 907 672 964; x_wconf 89' lang='lat' dir='ltr'>paene</span> <span class='ocrx_word' id='word_1_30' title='bbox 701 891 742 946; x_wconf 90' lang='lat' dir='ltr'>ad</span> <span class='ocrx_word' id='word_1_31' title='bbox 769 907 863 947; x_wconf 92' lang='lat' dir='ltr'>unum</span> <span class='ocrx_word' id='word_1_32' title='bbox 891 891 1090 948; x_wconf 76' lang='lat' dir='ltr'>trucidantur.</span> <span class='ocrx_word' id='word_1_33' title='bbox 1146 889 1225 946; x_wconf 88' lang='lat' dir='ltr'>Tum</span> 
     </span>
     <span class='ocr_line' id='line_1_6' title="bbox 143 986 1223 1065; baseline -0.004 -18"><span class='ocrx_word' id='word_1_34' title='bbox 143 995 147 1000; x_wconf 89' lang='grc'><strong>’</strong></span> <span class='ocrx_word' id='word_1_35' title='bbox 174 995 295 1065; x_wconf 91' lang='lat' dir='ltr'>praeter</span> <span class='ocrx_word' id='word_1_36' title='bbox 310 1006 436 1064; x_wconf 87' lang='lat' dir='ltr'>paucos,</span> <span class='ocrx_word' id='word_1_37' title='bbox 452 988 504 1061; x_wconf 91' lang='lat' dir='ltr'>qui</span> <span class='ocrx_word' id='word_1_38' title='bbox 515 986 700 1061; x_wconf 83' lang='lat' dir='ltr'>Capitolium</span> <span class='ocrx_word' id='word_1_39' title='bbox 712 988 871 1058; x_wconf 90' lang='lat' dir='ltr'>tenebant,</span> <span class='ocrx_word' id='word_1_40' title='bbox 884 994 915 1046; x_wconf 93' lang='lat' dir='ltr'>et</span> <span class='ocrx_word' id='word_1_41' title='bbox 927 988 1060 1045; x_wconf 85' lang='lat' dir='ltr'>seniores</span> <span class='ocrx_word' id='word_1_42' title='bbox 1073 1005 1091 1043; x_wconf 92' lang='lat' dir='ltr'>a</span> <span class='ocrx_word' id='word_1_43' title='bbox 1103 992 1223 1056; x_wconf 85' lang='lat' dir='ltr'>senatu,</span> 
     </span>
     <span class='ocr_line' id='line_1_7' title="bbox 175 1085 1222 1161; baseline -0.004 -17"><span class='ocrx_word' id='word_1_44' title='bbox 175 1087 276 1144; x_wconf 87' lang='lat' dir='ltr'>cuncti</span> <span class='ocrx_word' id='word_1_45' title='bbox 301 1087 386 1144; x_wconf 86' lang='lat' dir='ltr'>cives</span> <span class='ocrx_word' id='word_1_46' title='bbox 414 1087 513 1142; x_wconf 83' lang='lat' dir='ltr'>Roma</span> <span class='ocrx_word' id='word_1_47' title='bbox 535 1086 693 1161; x_wconf 80' lang='lat' dir='ltr'>fugerunt,</span> <span class='ocrx_word' id='word_1_48' title='bbox 719 1090 750 1142; x_wconf 92' lang='lat' dir='ltr'>et</span> <span class='ocrx_word' id='word_1_49' title='bbox 775 1085 858 1143; x_wconf 88' lang='lat' dir='ltr'>Galli</span> <span class='ocrx_word' id='word_1_50' title='bbox 886 1086 991 1142; x_wconf 91' lang='lat' dir='ltr'>urbem</span> <span class='ocrx_word' id='word_1_51' title='bbox 1020 1085 1222 1159; x_wconf 88' lang='lat' dir='ltr'>occupabant.</span> 
     </span>
     <span class='ocr_line' id='line_1_8' title="bbox 175 1183 1226 1258; baseline -0.003 -16"><span class='ocrx_word' id='word_1_52' title='bbox 175 1184 340 1243; x_wconf 74' lang='lat' dir='ltr'>Senatores</span> <span class='ocrx_word' id='word_1_53' title='bbox 362 1188 476 1249; x_wconf 87' lang='lat' dir='ltr'>autem,</span> <span class='ocrx_word' id='word_1_54' title='bbox 500 1183 551 1256; x_wconf 91' lang='lat' dir='ltr'>qui</span> <span class='ocrx_word' id='word_1_55' title='bbox 575 1183 751 1251; x_wconf 88' lang='lat' dir='ltr'>manebant,</span> <span class='ocrx_word' id='word_1_56' title='bbox 775 1183 856 1258; x_wconf 87' lang='lat' dir='ltr'>togis</span> <span class='ocrx_word' id='word_1_57' title='bbox 881 1183 1051 1258; x_wconf 83' lang='lat' dir='ltr'>praetextis</span> <span class='ocrx_word' id='word_1_58' title='bbox 1073 1183 1172 1240; x_wconf 90' lang='lat' dir='ltr'>induti</span> <span class='ocrx_word' id='word_1_59' title='bbox 1194 1183 1226 1239; x_wconf 91' lang='lat' dir='ltr'>in</span> 
     </span>
     <span class='ocr_line' id='line_1_9' title="bbox 175 1279 1225 1354; baseline 0 -16"><span class='ocrx_word' id='word_1_60' title='bbox 175 1283 244 1340; x_wconf 84' lang='lat' dir='ltr'>foro</span> <span class='ocrx_word' id='word_1_61' title='bbox 265 1281 348 1340; x_wconf 88' lang='lat' dir='ltr'>sellis</span> <span class='ocrx_word' id='word_1_62' title='bbox 376 1281 532 1338; x_wconf 88' lang='lat' dir='ltr'>curulibus</span> <span class='ocrx_word' id='word_1_63' title='bbox 560 1281 735 1338; x_wconf 83' lang='lat' dir='ltr'>consedere.</span> <span class='ocrx_word' id='word_1_64' title='bbox 783 1279 868 1353; x_wconf 78' lang='lat' dir='ltr'>Quos</span> <span class='ocrx_word' id='word_1_65' title='bbox 890 1280 1052 1354; x_wconf 87' lang='lat' dir='ltr'>tranquille</span> <span class='ocrx_word' id='word_1_66' title='bbox 1081 1281 1225 1338; x_wconf 85' lang='lat' dir='ltr'>sedentes</span> 
     </span>
     <span class='ocr_line' id='line_1_10' title="bbox 175 1377 1226 1447; baseline -0.002 -11"><span class='ocrx_word' id='word_1_67' title='bbox 175 1379 246 1436; x_wconf 90' lang='lat' dir='ltr'>dum</span> <span class='ocrx_word' id='word_1_68' title='bbox 261 1379 384 1436; x_wconf 88' lang='lat' dir='ltr'>barbari</span> <span class='ocrx_word' id='word_1_69' title='bbox 405 1379 569 1436; x_wconf 88' lang='lat' dir='ltr'>admodum</span> <span class='ocrx_word' id='word_1_70' title='bbox 591 1378 749 1447; x_wconf 88' lang='lat' dir='ltr'>mirantur,</span> <span class='ocrx_word' id='word_1_71' title='bbox 767 1396 845 1435; x_wconf 89' lang='lat' dir='ltr'>unus</span> <span class='ocrx_word' id='word_1_72' title='bbox 861 1396 877 1435; x_wconf 91' lang='lat' dir='ltr'>e</span> <span class='ocrx_word' id='word_1_73' title='bbox 892 1377 991 1436; x_wconf 87' lang='lat' dir='ltr'>Gallis</span> <span class='ocrx_word' id='word_1_74' title='bbox 1013 1378 1139 1435; x_wconf 86' lang='lat' dir='ltr'>barbam</span> <span class='ocrx_word' id='word_1_75' title='bbox 1161 1378 1226 1434; x_wconf 94' lang='lat' dir='ltr'>lon-</span> 
     </span>
     <span class='ocr_line' id='line_1_11' title="bbox 174 1474 1225 1554; baseline 0 -21"><span class='ocrx_word' id='word_1_76' title='bbox 174 1495 246 1552; x_wconf 86' lang='lat' dir='ltr'>gam</span> <span class='ocrx_word' id='word_1_77' title='bbox 272 1477 388 1551; x_wconf 88' lang='lat' dir='ltr'>Papirii</span> <span class='ocrx_word' id='word_1_78' title='bbox 416 1476 577 1550; x_wconf 87' lang='lat' dir='ltr'>eujusdam</span> <span class='ocrx_word' id='word_1_79' title='bbox 604 1494 696 1532; x_wconf 90' lang='lat' dir='ltr'>manu</span> <span class='ocrx_word' id='word_1_80' title='bbox 725 1475 835 1554; x_wconf 86' lang='lat' dir='ltr'>leniter¹</span> <span class='ocrx_word' id='word_1_81' title='bbox 858 1474 974 1550; x_wconf 91' lang='lat' dir='ltr'>palpat.</span> <span class='ocrx_word' id='word_1_82' title='bbox 1019 1475 1107 1548; x_wconf 81' lang='lat' dir='ltr'>Quod</span> <span class='ocrx_word' id='word_1_83' title='bbox 1136 1493 1225 1551; x_wconf 87' lang='lat' dir='ltr'>aegre</span> 
     </span>
     <span class='ocr_line' id='line_1_12' title="bbox 174 1572 1224 1648; baseline -0.003 -17"><span class='ocrx_word' id='word_1_84' title='bbox 174 1575 275 1631; x_wconf 84' lang='lat' dir='ltr'>ferens</span> <span class='ocrx_word' id='word_1_85' title='bbox 296 1574 438 1648; x_wconf 88' lang='lat' dir='ltr'>Papirius</span> <span class='ocrx_word' id='word_1_86' title='bbox 460 1579 553 1648; x_wconf 89' lang='lat' dir='ltr'>caput</span> <span class='ocrx_word' id='word_1_87' title='bbox 573 1572 655 1631; x_wconf 89' lang='lat' dir='ltr'>Galli</span> <span class='ocrx_word' id='word_1_88' title='bbox 681 1573 790 1630; x_wconf 91' lang='lat' dir='ltr'>baculo</span> <span class='ocrx_word' id='word_1_89' title='bbox 812 1573 903 1630; x_wconf 85' lang='lat' dir='ltr'>ferit:</span> <span class='ocrx_word' id='word_1_90' title='bbox 934 1573 1096 1646; x_wconf 88' lang='lat' dir='ltr'>statimque</span> <span class='ocrx_word' id='word_1_91' title='bbox 1119 1591 1137 1628; x_wconf 88' lang='lat' dir='ltr'>a</span> <span class='ocrx_word' id='word_1_92' title='bbox 1158 1573 1224 1629; x_wconf 89' lang='lat' dir='ltr'>bar-</span> 
     </span>
     <span class='ocr_line' id='line_1_13' title="bbox 175 1670 1226 1744; baseline -0.002 -16"><span class='ocrx_word' id='word_1_93' title='bbox 175 1670 250 1728; x_wconf 89' lang='lat' dir='ltr'>baro</span> <span class='ocrx_word' id='word_1_94' title='bbox 264 1671 454 1728; x_wconf 86' lang='lat' dir='ltr'>interficitur.</span> <span class='ocrx_word' id='word_1_95' title='bbox 499 1671 618 1727; x_wconf 89' lang='lat' dir='ltr'>Deinde</span> <span class='ocrx_word' id='word_1_96' title='bbox 633 1670 741 1744; x_wconf 92' lang='lat' dir='ltr'>reliqui</span> <span class='ocrx_word' id='word_1_97' title='bbox 757 1671 848 1728; x_wconf 88' lang='lat' dir='ltr'>etiam</span> <span class='ocrx_word' id='word_1_98' title='bbox 864 1670 964 1727; x_wconf 89' lang='lat' dir='ltr'>necati</span> <span class='ocrx_word' id='word_1_99' title='bbox 986 1675 1069 1739; x_wconf 88' lang='lat' dir='ltr'>sunt,</span> <span class='ocrx_word' id='word_1_100' title='bbox 1085 1675 1116 1726; x_wconf 89' lang='lat' dir='ltr'>et</span> <span class='ocrx_word' id='word_1_101' title='bbox 1136 1670 1226 1727; x_wconf 89' lang='lat' dir='ltr'>tectis</span> 
     </span>
     <span class='ocr_line' id='line_1_14' title="bbox 175 1766 926 1841; baseline -0.003 -17"><span class='ocrx_word' id='word_1_102' title='bbox 175 1768 309 1825; x_wconf 83' lang='lat' dir='ltr'>incensis</span> <span class='ocrx_word' id='word_1_103' title='bbox 323 1766 508 1841; x_wconf 83' lang='lat' dir='ltr'>Capitolium</span> <span class='ocrx_word' id='word_1_104' title='bbox 522 1772 590 1825; x_wconf 88' lang='lat' dir='ltr'>erat</span> <span class='ocrx_word' id='word_1_105' title='bbox 603 1767 635 1824; x_wconf 93' lang='lat' dir='ltr'>in</span> <span class='ocrx_word' id='word_1_106' title='bbox 649 1785 742 1824; x_wconf 91' lang='lat' dir='ltr'>manu</span> <span class='ocrx_word' id='word_1_107' title='bbox 757 1766 926 1826; x_wconf 86' lang='lat' dir='ltr'>Gallorum.</span> 
     </span>
    </p>
   </div>
   <div class='ocr_carea' id='block_1_4' title="bbox 297 1944 1103 2003">
    <p class='ocr_par' dir='ltr' id='par_1_4' title="bbox 297 1944 1103 2003">
     <span class='ocr_line' id='line_1_15' title="bbox 297 1944 1103 2003; baseline 0 -2"><span class='ocrx_word' id='word_1_108' title='bbox 297 1945 346 2001; x_wconf 75' lang='lat'>23.</span> <span class='ocrx_word' id='word_1_109' title='bbox 376 1945 448 2002; x_wconf 85' lang='lat' dir='ltr'>Trm</span> <span class='ocrx_word' id='word_1_110' title='bbox 469 1944 628 2002; x_wconf 77' lang='lat' dir='ltr'>Anvarca</span> <span class='ocrx_word' id='word_1_111' title='bbox 650 1962 689 2003; x_wconf 84' lang='lat' dir='ltr'>or</span> <span class='ocrx_word' id='word_1_112' title='bbox 711 1946 884 2003; x_wconf 75' lang='lat' dir='ltr'>Hanuraar.</span> <span class='ocrx_word' id='word_1_113' title='bbox 905 1963 977 2003; x_wconf 83' lang='lat' dir='ltr'>ruro</span> <span class='ocrx_word' id='word_1_114' title='bbox 999 1946 1103 2002; x_wconf 79' lang='lat' dir='ltr'>lranr.</span> 
     </span>
    </p>
   </div>
   <div class='ocr_carea' id='block_1_5' title="bbox 215 2058 1226 2129">
    <p class='ocr_par' dir='ltr' id='par_1_5' title="bbox 215 2058 1226 2129">
     <span class='ocr_line' id='line_1_16' title="bbox 215 2058 1226 2129; baseline 0 -13"><span class='ocrx_word' id='word_1_115' title='bbox 215 2059 266 2116; x_wconf 86' lang='lat' dir='ltr'>Ex</span> <span class='ocrx_word' id='word_1_116' title='bbox 287 2058 334 2116; x_wconf 92' lang='lat' dir='ltr'>his</span> <span class='ocrx_word' id='word_1_117' title='bbox 356 2059 553 2128; x_wconf 88' lang='lat' dir='ltr'>exercitibus,</span> <span class='ocrx_word' id='word_1_118' title='bbox 570 2076 664 2115; x_wconf 92' lang='lat' dir='ltr'>unum</span> <span class='ocrx_word' id='word_1_119' title='bbox 685 2059 717 2115; x_wconf 92' lang='lat' dir='ltr'>in</span> <span class='ocrx_word' id='word_1_120' title='bbox 733 2059 874 2118; x_wconf 85' lang='lat' dir='ltr'>Africam</span> <span class='ocrx_word' id='word_1_121' title='bbox 896 2059 990 2129; x_wconf 86' lang='lat' dir='ltr'>misit,</span> <span class='ocrx_word' id='word_1_122' title='bbox 1008 2059 1136 2116; x_wconf 89' lang='lat' dir='ltr'>alterum</span> <span class='ocrx_word' id='word_1_123' title='bbox 1158 2077 1226 2117; x_wconf 88' lang='lat' dir='ltr'>eum</span> 
     </span>
    </p>
   </div>
   <div class='ocr_carea' id='block_1_6' title="bbox 173 2156 1227 2913">
    <p class='ocr_par' dir='ltr' id='par_1_6' title="bbox 173 2156 1227 2913">
     <span class='ocr_line' id='line_1_17' title="bbox 175 2156 1227 2231; baseline -0.001 -17"><span class='ocrx_word' id='word_1_124' title='bbox 175 2156 372 2215; x_wconf 86' lang='lat' dir='ltr'>Hasdrubale</span> <span class='ocrx_word' id='word_1_125' title='bbox 394 2157 490 2213; x_wconf 82' lang='lat' dir='ltr'>fratre</span> <span class='ocrx_word' id='word_1_126' title='bbox 513 2157 544 2213; x_wconf 91' lang='lat' dir='ltr'>in</span> <span class='ocrx_word' id='word_1_127' title='bbox 565 2157 718 2231; x_wconf 85' lang='lat' dir='ltr'>Hispania</span> <span class='ocrx_word' id='word_1_128' title='bbox 739 2158 880 2230; x_wconf 88' lang='lat' dir='ltr'>reliquit;</span> <span class='ocrx_word' id='word_1_129' title='bbox 906 2158 1028 2215; x_wconf 88' lang='lat' dir='ltr'>tertium</span> <span class='ocrx_word' id='word_1_130' title='bbox 1052 2158 1082 2213; x_wconf 91' lang='lat' dir='ltr'>in</span> <span class='ocrx_word' id='word_1_131' title='bbox 1104 2157 1227 2215; x_wconf 89' lang='lat' dir='ltr'>Italiam</span> 
     </span>
     <span class='ocr_line' id='line_1_18' title="bbox 175 2254 1226 2329; baseline -0.001 -17"><span class='ocrx_word' id='word_1_132' title='bbox 175 2272 279 2312; x_wconf 89' lang='lat' dir='ltr'>secum</span> <span class='ocrx_word' id='word_1_133' title='bbox 293 2254 393 2312; x_wconf 85' lang='lat' dir='ltr'>duxit.</span> <span class='ocrx_word' id='word_1_134' title='bbox 431 2255 557 2312; x_wconf 88' lang='lat' dir='ltr'>Montes</span> <span class='ocrx_word' id='word_1_135' title='bbox 570 2255 746 2329; x_wconf 86' lang='lat' dir='ltr'>Pyrenaeos</span> <span class='ocrx_word' id='word_1_136' title='bbox 761 2254 894 2324; x_wconf 86' lang='lat' dir='ltr'>transiit,</span> <span class='ocrx_word' id='word_1_137' title='bbox 908 2260 939 2311; x_wconf 90' lang='lat' dir='ltr'>et</span> <span class='ocrx_word' id='word_1_138' title='bbox 954 2273 1021 2313; x_wconf 86' lang='lat' dir='ltr'>eum</span> <span class='ocrx_word' id='word_1_139' title='bbox 1037 2254 1143 2311; x_wconf 90' lang='lat' dir='ltr'>incolis</span> <span class='ocrx_word' id='word_1_140' title='bbox 1159 2256 1226 2328; x_wconf 88' lang='lat' dir='ltr'>ejus</span> 
     </span>
     <span class='ocr_line' id='line_1_19' title="bbox 174 2351 1226 2428; baseline -0.001 -20"><span class='ocrx_word' id='word_1_141' title='bbox 174 2352 311 2428; x_wconf 87' lang='lat' dir='ltr'>regionis</span> <span class='ocrx_word' id='word_1_142' title='bbox 326 2352 465 2410; x_wconf 83' lang='lat' dir='ltr'>conflixit</span> <span class='ocrx_word' id='word_1_143' title='bbox 479 2357 571 2425; x_wconf 89' lang='lat' dir='ltr'>atque</span> <span class='ocrx_word' id='word_1_144' title='bbox 583 2352 751 2425; x_wconf 89' lang='lat' dir='ltr'>superavit.</span> <span class='ocrx_word' id='word_1_145' title='bbox 789 2352 840 2408; x_wconf 85' lang='lat' dir='ltr'>Ad</span> <span class='ocrx_word' id='word_1_146' title='bbox 851 2351 949 2426; x_wconf 88' lang='lat' dir='ltr'>Alpes</span> <span class='ocrx_word' id='word_1_147' title='bbox 960 2353 1071 2409; x_wconf 90' lang='lat' dir='ltr'>deinde</span> <span class='ocrx_word' id='word_1_148' title='bbox 1086 2366 1226 2427; x_wconf 85' lang='lat' dir='ltr'>progres-</span> 
     </span>
     <span class='ocr_line' id='line_1_20' title="bbox 175 2447 1226 2525; baseline 0 -19"><span class='ocrx_word' id='word_1_149' title='bbox 175 2467 228 2507; x_wconf 88' lang='lat' dir='ltr'>sus</span> <span class='ocrx_word' id='word_1_150' title='bbox 250 2454 307 2520; x_wconf 89' lang='lat' dir='ltr'>est,</span> <span class='ocrx_word' id='word_1_151' title='bbox 322 2467 401 2523; x_wconf 90' lang='lat' dir='ltr'>quae</span> <span class='ocrx_word' id='word_1_152' title='bbox 423 2449 547 2505; x_wconf 89' lang='lat' dir='ltr'>Italiam</span> <span class='ocrx_word' id='word_1_153' title='bbox 568 2449 607 2505; x_wconf 91' lang='lat' dir='ltr'>ab</span> <span class='ocrx_word' id='word_1_154' title='bbox 629 2447 729 2506; x_wconf 88' lang='lat' dir='ltr'>Gallis</span> <span class='ocrx_word' id='word_1_155' title='bbox 751 2450 929 2525; x_wconf 86' lang='lat' dir='ltr'>sejungunt,</span> <span class='ocrx_word' id='word_1_156' title='bbox 950 2467 1026 2522; x_wconf 91' lang='lat' dir='ltr'>quas</span> <span class='ocrx_word' id='word_1_157' title='bbox 1049 2467 1137 2506; x_wconf 90' lang='lat' dir='ltr'>nemo</span> <span class='ocrx_word' id='word_1_158' title='bbox 1158 2467 1226 2506; x_wconf 89' lang='lat' dir='ltr'>curn</span> 
     </span>
     <span class='ocr_line' id='line_1_21' title="bbox 174 2546 1226 2620; baseline -0.001 -16"><span class='ocrx_word' id='word_1_159' title='bbox 174 2547 311 2605; x_wconf 86' lang='lat' dir='ltr'>exercitu</span> <span class='ocrx_word' id='word_1_160' title='bbox 327 2564 461 2620; x_wconf 91' lang='lat' dir='ltr'>unquam</span> <span class='ocrx_word' id='word_1_161' title='bbox 476 2551 568 2603; x_wconf 90' lang='lat' dir='ltr'>antea</span> <span class='ocrx_word' id='word_1_162' title='bbox 582 2546 758 2603; x_wconf 89' lang='lat' dir='ltr'>transierat.</span> <span class='ocrx_word' id='word_1_163' title='bbox 802 2547 970 2603; x_wconf 87' lang='lat' dir='ltr'>Montanos</span> <span class='ocrx_word' id='word_1_164' title='bbox 988 2552 1135 2604; x_wconf 91' lang='lat' dir='ltr'>conantes</span> <span class='ocrx_word' id='word_1_165' title='bbox 1157 2564 1226 2619; x_wconf 92' lang='lat' dir='ltr'>pro-</span> 
     </span>
     <span class='ocr_line' id='line_1_22' title="bbox 174 2643 1227 2718; baseline 0.001 -18"><span class='ocrx_word' id='word_1_166' title='bbox 174 2644 278 2702; x_wconf 90' lang='lat' dir='ltr'>hibere</span> <span class='ocrx_word' id='word_1_167' title='bbox 293 2644 456 2701; x_wconf 86' lang='lat' dir='ltr'>transitum</span> <span class='ocrx_word' id='word_1_168' title='bbox 470 2644 574 2701; x_wconf 90' lang='lat' dir='ltr'>multis</span> <span class='ocrx_word' id='word_1_169' title='bbox 590 2643 712 2718; x_wconf 88' lang='lat' dir='ltr'>proeliis</span> <span class='ocrx_word' id='word_1_170' title='bbox 728 2644 870 2714; x_wconf 89' lang='lat' dir='ltr'>concidit,</span> <span class='ocrx_word' id='word_1_171' title='bbox 886 2648 917 2701; x_wconf 91' lang='lat' dir='ltr'>ct</span> <span class='ocrx_word' id='word_1_172' title='bbox 931 2644 1039 2701; x_wconf 90' lang='lat' dir='ltr'>itinera</span> <span class='ocrx_word' id='word_1_173' title='bbox 1056 2643 1175 2711; x_wconf 89' lang='lat' dir='ltr'>muniit,</span> <span class='ocrx_word' id='word_1_174' title='bbox 1192 2649 1227 2701; x_wconf 88' lang='lat' dir='ltr'>ut</span> 
     </span>
     <span class='ocr_line' id='line_1_23' title="bbox 173 2726 1226 2816; baseline 0 -18"><span class='ocrx_word' id='word_1_175' title='bbox 173 2743 312 2815; x_wconf 88' lang='lat' dir='ltr'>jumenta</span> <span class='ocrx_word' id='word_1_176' title='bbox 333 2741 505 2815; x_wconf 89' lang='lat' dir='ltr'>militesque</span> <span class='ocrx_word' id='word_1_177' title='bbox 528 2741 783 2816; x_wconf 86' lang='lat' dir='ltr'>progrederentur</span> <span class='ocrx_word' id='word_1_178' title='bbox 799 2726 981 2798; x_wconf 85' lang='lat' dir='ltr'>incolumes.</span> <span class='ocrx_word' id='word_1_179' title='bbox 1025 2741 1145 2814; x_wconf 86' lang='lat' dir='ltr'>Itaque,</span> <span class='ocrx_word' id='word_1_180' title='bbox 1170 2741 1226 2798; x_wconf 89' lang='lat' dir='ltr'>hae</span> 
     </span>
     <span class='ocr_line' id='line_1_24' title="bbox 174 2838 859 2913; baseline -0.003 -17"><span class='ocrx_word' id='word_1_181' title='bbox 174 2838 225 2896; x_wconf 87' lang='lat' dir='ltr'>via</span> <span class='ocrx_word' id='word_1_182' title='bbox 239 2838 336 2913; x_wconf 89' lang='lat' dir='ltr'>copiis</span> <span class='ocrx_word' id='word_1_183' title='bbox 350 2839 509 2908; x_wconf 88' lang='lat' dir='ltr'>traductis,</span> <span class='ocrx_word' id='word_1_184' title='bbox 525 2838 557 2894; x_wconf 93' lang='lat' dir='ltr'>in</span> <span class='ocrx_word' id='word_1_185' title='bbox 572 2838 694 2895; x_wconf 89' lang='lat' dir='ltr'>Italiam</span> <span class='ocrx_word' id='word_1_186' title='bbox 709 2838 859 2913; x_wconf 85' lang='lat' dir='ltr'>pervenit.</span> 
     </span>
    </p>
   </div>
   <div class='ocr_carea' id='block_1_7' title="bbox 376 2996 1023 3056">
    <p class='ocr_par' dir='ltr' id='par_1_7' title="bbox 376 2996 1023 3056">
     <span class='ocr_line' id='line_1_25' title="bbox 376 2996 1023 3056; baseline 0 -1"><span class='ocrx_word' id='word_1_187' title='bbox 376 3000 426 3055; x_wconf 81' lang='lat'>24.</span> <span class='ocrx_word' id='word_1_188' title='bbox 456 2998 630 3055; x_wconf 74' lang='lat' dir='ltr'>Hannmnu</span> <span class='ocrx_word' id='word_1_189' title='bbox 650 3015 678 3055; x_wconf 90' lang='lat' dir='ltr'>rs</span> <span class='ocrx_word' id='word_1_190' title='bbox 699 3015 789 3055; x_wconf 76' lang='lat' dir='ltr'>nanu</span> <span class='ocrx_word' id='word_1_191' title='bbox 811 2996 1023 3056; x_wconf 70' lang='lat' dir='ltr'>Ooumnrmnn.</span> 
     </span>
    </p>
   </div>
   <div class='ocr_carea' id='block_1_8' title="bbox 172 3111 1226 3966">
    <p class='ocr_par' dir='ltr' id='par_1_8' title="bbox 172 3111 1226 3966">
     <span class='ocr_line' id='line_1_26' title="bbox 215 3111 1226 3187; baseline 0.001 -19"><span class='ocrx_word' id='word_1_192' title='bbox 215 3111 373 3169; x_wconf 89' lang='lat' dir='ltr'>Hannibal</span> <span class='ocrx_word' id='word_1_193' title='bbox 392 3111 516 3186; x_wconf 77' lang='lat' dir='ltr'>juvenis</span> <span class='ocrx_word' id='word_1_194' title='bbox 536 3128 606 3169; x_wconf 91' lang='lat' dir='ltr'>eum</span> <span class='ocrx_word' id='word_1_195' title='bbox 620 3117 707 3186; x_wconf 89' lang='lat' dir='ltr'>patre</span> <span class='ocrx_word' id='word_1_196' title='bbox 722 3111 897 3169; x_wconf 90' lang='lat' dir='ltr'>Hamilcare</span> <span class='ocrx_word' id='word_1_197' title='bbox 912 3111 943 3168; x_wconf 91' lang='lat' dir='ltr'>in</span> <span class='ocrx_word' id='word_1_198' title='bbox 958 3112 1143 3186; x_wconf 88' lang='lat' dir='ltr'>Hispaniam</span> <span class='ocrx_word' id='word_1_199' title='bbox 1158 3130 1226 3187; x_wconf 88' lang='lat' dir='ltr'>pro-</span> 
     </span>
     <span class='ocr_line' id='line_1_27' title="bbox 174 3208 1226 3283; baseline 0.002 -18"><span class='ocrx_word' id='word_1_200' title='bbox 174 3210 276 3266; x_wconf 87' lang='lat' dir='ltr'>fectus</span> <span class='ocrx_word' id='word_1_201' title='bbox 288 3214 345 3266; x_wconf 88' lang='lat' dir='ltr'>est.</span> <span class='ocrx_word' id='word_1_202' title='bbox 383 3208 568 3267; x_wconf 88' lang='lat' dir='ltr'>Hamilcaris</span> <span class='ocrx_word' id='word_1_203' title='bbox 583 3214 655 3283; x_wconf 88' lang='lat' dir='ltr'>post</span> <span class='ocrx_word' id='word_1_204' title='bbox 665 3208 794 3278; x_wconf 90' lang='lat' dir='ltr'>obitum,</span> <span class='ocrx_word' id='word_1_205' title='bbox 807 3208 1002 3280; x_wconf 86' lang='lat' dir='ltr'>Hasdrubale</span> <span class='ocrx_word' id='word_1_206' title='bbox 1015 3209 1111 3266; x_wconf 81' lang='lat' dir='ltr'>fratre</span> <span class='ocrx_word' id='word_1_207' title='bbox 1123 3216 1226 3267; x_wconf 84' lang='lat' dir='ltr'>creato</span> 
     </span>
     <span class='ocr_line' id='line_1_28' title="bbox 173 3305 1225 3379; baseline 0.002 -18"><span class='ocrx_word' id='word_1_208' title='bbox 173 3306 369 3379; x_wconf 89' lang='lat' dir='ltr'>imperatore,</span> <span class='ocrx_word' id='word_1_209' title='bbox 388 3306 546 3363; x_wconf 87' lang='lat' dir='ltr'>Hannibal</span> <span class='ocrx_word' id='word_1_210' title='bbox 567 3306 650 3363; x_wconf 92' lang='lat' dir='ltr'>omni</span> <span class='ocrx_word' id='word_1_211' title='bbox 671 3305 820 3379; x_wconf 88' lang='lat' dir='ltr'>equitatui</span> <span class='ocrx_word' id='word_1_212' title='bbox 842 3306 986 3379; x_wconf 84' lang='lat' dir='ltr'>praefuit.</span> <span class='ocrx_word' id='word_1_213' title='bbox 1027 3307 1225 3364; x_wconf 85' lang='lat' dir='ltr'>Hasdrubale</span> 
     </span>
     <span class='ocr_line' id='line_1_29' title="bbox 173 3403 1226 3479; baseline 0.002 -20"><span class='ocrx_word' id='word_1_214' title='bbox 173 3403 349 3473; x_wconf 80' lang='lat' dir='ltr'>interfecto,</span> <span class='ocrx_word' id='word_1_215' title='bbox 365 3404 519 3462; x_wconf 86' lang='lat' dir='ltr'>exercitus</span> <span class='ocrx_word' id='word_1_216' title='bbox 535 3404 694 3479; x_wconf 91' lang='lat' dir='ltr'>imperium</span> <span class='ocrx_word' id='word_1_217' title='bbox 709 3404 748 3461; x_wconf 89' lang='lat' dir='ltr'>ad</span> <span class='ocrx_word' id='word_1_218' title='bbox 771 3403 974 3460; x_wconf 89' lang='lat' dir='ltr'>Hannibalem</span> <span class='ocrx_word' id='word_1_219' title='bbox 997 3404 1141 3461; x_wconf 86' lang='lat' dir='ltr'>universo</span> <span class='ocrx_word' id='word_1_220' title='bbox 1162 3422 1226 3461; x_wconf 91' lang='lat' dir='ltr'>om-</span> 
     </span>
     <span class='ocr_line' id='line_1_30' title="bbox 173 3500 1225 3580; baseline 0.004 -23"><span class='ocrx_word' id='word_1_221' title='bbox 173 3500 259 3557; x_wconf 90' lang='lat' dir='ltr'>nium</span> <span class='ocrx_word' id='word_1_222' title='bbox 286 3518 438 3559; x_wconf 88' lang='lat' dir='ltr'>consensu</span> <span class='ocrx_word' id='word_1_223' title='bbox 468 3502 587 3560; x_wconf 88' lang='lat' dir='ltr'>detulit.</span> <span class='ocrx_word' id='word_1_224' title='bbox 643 3500 694 3560; x_wconf 88' lang='lat' dir='ltr'>Sic</span> <span class='ocrx_word' id='word_1_225' title='bbox 719 3502 887 3573; x_wconf 88' lang='lat' dir='ltr'>Hannibal,</span> <span class='ocrx_word' id='word_1_226' title='bbox 911 3504 1043 3577; x_wconf 92' lang='lat' dir='ltr'>quinque</span> <span class='ocrx_word' id='word_1_227' title='bbox 1065 3512 1096 3561; x_wconf 90' lang='lat' dir='ltr'>et</span> <span class='ocrx_word' id='word_1_228' title='bbox 1118 3505 1225 3580; x_wconf 81' lang='lat' dir='ltr'>viginti</span> 
     </span>
     <span class='ocr_line' id='line_1_31' title="bbox 174 3600 1226 3677; baseline 0.007 -24"><span class='ocrx_word' id='word_1_229' title='bbox 174 3614 272 3654; x_wconf 88' lang='lat' dir='ltr'>annos</span> <span class='ocrx_word' id='word_1_230' title='bbox 300 3603 403 3667; x_wconf 90' lang='lat' dir='ltr'>natus,</span> <span class='ocrx_word' id='word_1_231' title='bbox 426 3600 592 3673; x_wconf 89' lang='lat' dir='ltr'>imperator</span> <span class='ocrx_word' id='word_1_232' title='bbox 613 3600 716 3657; x_wconf 85' lang='lat' dir='ltr'>factus</span> <span class='ocrx_word' id='word_1_233' title='bbox 745 3602 892 3677; x_wconf 84' lang='lat' dir='ltr'>suffragio</span> <span class='ocrx_word' id='word_1_234' title='bbox 920 3602 1059 3669; x_wconf 88' lang='lat' dir='ltr'>militum,</span> <span class='ocrx_word' id='word_1_235' title='bbox 1085 3603 1226 3677; x_wconf 85' lang='lat' dir='ltr'>proximo</span> 
     </span>
     <span class='ocr_line' id='line_1_32' title="bbox 172 3695 1223 3775; baseline 0.006 -24"><span class='ocrx_word' id='word_1_236' title='bbox 172 3695 305 3752; x_wconf 91' lang='lat' dir='ltr'>triennio</span> <span class='ocrx_word' id='word_1_237' title='bbox 327 3712 433 3752; x_wconf 89' lang='lat' dir='ltr'>ornnes</span> <span class='ocrx_word' id='word_1_238' title='bbox 453 3701 563 3771; x_wconf 87' lang='lat' dir='ltr'>gentes</span> <span class='ocrx_word' id='word_1_239' title='bbox 585 3696 755 3770; x_wconf 86' lang='lat' dir='ltr'>Hispaniae</span> <span class='ocrx_word' id='word_1_240' title='bbox 776 3697 859 3756; x_wconf 93' lang='lat' dir='ltr'>bello</span> <span class='ocrx_word' id='word_1_241' title='bbox 878 3698 1017 3775; x_wconf 90' lang='lat' dir='ltr'>subegit:</span> <span class='ocrx_word' id='word_1_242' title='bbox 1041 3700 1223 3774; x_wconf 86' lang='lat' dir='ltr'>Saguntum,</span> 
     </span>
     <span class='ocr_line' id='line_1_33' title="bbox 173 3792 1225 3874; baseline 0.006 -25"><span class='ocrx_word' id='word_1_243' title='bbox 173 3792 365 3853; x_wconf 84' lang='lat' dir='ltr'>foederatam</span> <span class='ocrx_word' id='word_1_244' title='bbox 394 3810 463 3850; x_wconf 89' lang='lat' dir='ltr'>eum</span> <span class='ocrx_word' id='word_1_245' title='bbox 490 3793 638 3851; x_wconf 86' lang='lat' dir='ltr'>Romanis</span> <span class='ocrx_word' id='word_1_246' title='bbox 666 3794 834 3867; x_wconf 88' lang='lat' dir='ltr'>civitatem,</span> <span class='ocrx_word' id='word_1_247' title='bbox 865 3797 896 3855; x_wconf 94' lang='lat' dir='ltr'>vi</span> <span class='ocrx_word' id='word_1_248' title='bbox 925 3798 1132 3874; x_wconf 86' lang='lat' dir='ltr'>expugnavit:</span> <span class='ocrx_word' id='word_1_249' title='bbox 1162 3803 1225 3855; x_wconf 86' lang='lat' dir='ltr'>tres</span> 
     </span>
     <span class='ocr_line' id='line_1_34' title="bbox 173 3890 709 3966; baseline 0 -17"><span class='ocrx_word' id='word_1_250' title='bbox 173 3890 327 3949; x_wconf 84' lang='lat' dir='ltr'>exercitus</span> <span class='ocrx_word' id='word_1_251' title='bbox 342 3890 493 3948; x_wconf 88' lang='lat' dir='ltr'>maximos</span> <span class='ocrx_word' id='word_1_252' title='bbox 509 3893 709 3966; x_wconf 85' lang='lat' dir='ltr'>comparavit.</span> 
     </span>
    </p>
   </div>
   <div class='ocr_carea' id='block_1_9' title="bbox 0 0 1414 4300">
    <p class='ocr_par' dir='ltr' id='par_1_9' title="bbox 0 0 1414 4300">
     <span class='ocr_line' id='line_1_35' title="bbox 0 0 1414 4300; baseline 0 0"><span class='ocrx_word' id='word_1_253' title='bbox 0 0 1414 4300; x_wconf 95' lang='lat' dir='ltr'> </span> 
     </span>
    </p>
   </div>
  </div>
 </body>
</html>
