2817 4300
167 370 208 434 86
350 385 565 432 smnorrons
588 385 689 432 raom
713 384 828 431 narni
851 385 1034 433 Aornoas.

548 573 648 645 Lycus
662 574 727 629 also
741 573 827 645 salla.

240 688 287 746 At
301 688 429 762 pedibus
443 687 534 763 longe
549 687 655 743 melior
668 687 769 762 Lycus
785 687 863 744 inter
877 691 908 744 et
922 688 1020 745 hostis

241 785 320 842 inter
334 789 366 841 et
380 803 464 841 arma
478 785 553 861 fuga
567 802 670 841 muros
685 789 770 842 tenet
784 785 905 858 altaque
921 789 1018 843 certat

242 883 389 957 prendere
404 887 485 939 tecta
499 900 591 938 manu
606 883 780 956 sociumque
796 882 945 958 attingere
961 883 1097 960 dextrae.

242 979 339 1053 Quem
353 979 486 1049 Turnus,
503 980 616 1055 pariter
631 998 721 1038 eursu
735 980 855 1053 teloque
871 985 1004 1051 seeutuS,

168 1087 226 1136 560
241 1079 379 1152 increpat
392 1079 439 1135 his
454 1079 569 1135 vietor:
594 1078 786 1134 ‘Nostrasne
801 1078 941 1148 evadere,
958 1079 1094 1148 demens,

242 1177 373 1251 sperasti
387 1181 417 1233 te
433 1194 523 1250 posse
538 1173 684 1232 manus?'
728 1174 824 1233 Simul
838 1175 950 1249 adripit
964 1175 1063 1250 ipsum

258 1275 440 1348 pendentem
456 1282 487 1330 et
501 1291 612 1349 magna
627 1273 704 1329 muri
719 1291 788 1330 eum
802 1277 888 1347 parte
904 1273 1030 1330 revellit.

242 1371 348 1444 Qualis
362 1371 415 1428 ubi
430 1377 483 1428 aut
497 1368 645 1445 ²leporem
661 1375 714 1427 aut
729 1371 873 1427 candenti
888 1388 1012 1445 corpore
1029 1389 1157 1446 cycnum

243 1469 366 1526 sustulit
381 1469 443 1525 alta
458 1473 566 1543 petens
580 1462 710 1542 pedibus
724 1468 809 1524 Iovis
825 1468 955 1542 armiger
968 1467 1055 1524 uncis

169 1574 226 1623 565
242 1567 412 1638 quaesitum
428 1571 481 1623 aut
496 1565 586 1622 matri
600 1565 703 1621 multis
718 1562 889 1621 ⁸balatibus
904 1583 1016 1641 agnum

242 1663 373 1719 Martius
389 1680 407 1718 a
421 1662 551 1719 stabulis
565 1661 666 1736 rapuit
680 1661 778 1735 lupus

475 1837 507 1896 A
524 1839 747 1896 hand-to-haad
760 1843 886 1914 conflict.

768 1954 910 2028 Undique
926 1955 1039 2013 clamor

241 2053 375 2110 tollitur:
399 2053 549 2110 invadunt
562 2056 594 2109 et
607 2052 709 2109 fossas
724 2069 813 2127 agere
829 2052 984 2128 complent
992 2074 1001 2126 3

168 2161 226 2214 570
241 2151 376 2209 ardentis
390 2151 499 2208 taedas
513 2149 565 2206 alii
580 2151 621 2206 ad
635 2149 762 2225 fastigia
777 2149 903 2208 iactant.

240 2249 376 2306 Ilioneus
391 2265 468 2305 saxo
482 2252 573 2320 atque
588 2247 706 2322 ingenti
720 2248 871 2323 fragmine
886 2250 998 2307 montis

241 2346 399 2404 Lucetium
415 2350 521 2420 portae
537 2345 718 2402 subeuntem
733 2345 871 2421 ignisque
887 2347 1048 2418 ferentem,

240 2443 424 2500 Emathiona
438 2442 540 2518 Liger,
557 2441 750 2519 Corynaeum
764 2444 874 2500 sternit
887 2443 1004 2515 Asilas,

240 2541 289 2599 hio
303 2540 402 2598 iaculo
416 2541 526 2609 bonus,
543 2540 593 2598 hio
606 2536 713 2616 4longe
728 2540 854 2598 fallente
869 2542 993 2617 sagitta,

240 2638 401 2714 Ortygium
417 2637 568 2708 Caeneus,
584 2637 732 2696 victorem
747 2636 869 2695 Caenea
883 2640 1016 2711 Turnus,

239 2737 361 2794 Turnus
375 2737 448 2811 Ityn
463 2734 672 2810 Cloniumque,
689 2736 878 2810 Dioxippum
893 2737 1126 2811 Promolumque

166 2842 223 2893 575
240 2840 270 2891 et
285 2833 424 2910 Sagarim
440 2838 470 2890 et
485 2834 611 2890 summis
626 2838 760 2891 stantem
774 2852 829 2908 pro
845 2835 978 2891 turribus
992 2836 1081 2906 Idan,
1116 2858 1121 2871 ·

238 2934 417 2991 Privernum
433 2932 547 3009 Capys.
591 2934 683 2991 Huno
697 2935 795 3008 primo
810 2935 886 2992 levis
901 2937 992 2993 hasta
1006 2936 1172 2994 Themillae

239 3032 423 3089 strinxerat:
447 3031 497 3090 ille
512 3050 634 3089 manum
648 3034 784 3107 proieoto
799 3035 932 3110 tegmine
946 3031 1087 3091 ⁵demens

240 3132 279 3187 ad
293 3131 402 3188 volnus
417 3130 505 3200 tulit3
529 3149 602 3207 ergo
616 3132 674 3189 alis
689 3132 819 3206 adlapsa
834 3132 948 3208 sagitta

239 3236 270 3287 et
284 3229 372 3289 laevo
386 3230 481 3287 infixa
495 3235 543 3288 est
557 3230 644 3287 lateri
659 3248 768 3287 manus
783 3230 947 3303 abditaque
962 3230 1044 3287 intus

207 3386 217 3420 1
229 3387 394 3449 pendentem,
407 3403 440 3435 sc.
452 3401 565 3446 murum,
577 3402 607 3434 aa
618 3386 649 3435 ita
661 3384 739 3434 direct
750 3385 796 3450 obj.

206 3469 218 3501 ²
229 3470 353 3531 leporem,
365 3468 430 3517 lare.

207 3552 218 3585 ³
229 3553 371 3612 balatibus,
384 3551 507 3617 bleatinqa.

206 3634 308 3697 4longe
326 3634 446 3695 fallente,
464 3635 503 3685 ie.
520 3649 581 3684 enm
601 3635 709 3698 jacitur,
727 3634 831 3697 longius
851 3634 979 3697 procedit,
997 3648 1078 3696 quam
1096 3635 1214 3698 J'actator

162 3722 312 3779 putaverat.

206 3796 344 3848 ⁶demens.
379 3798 449 3859 Quia
460 3804 565 3848 scutum
577 3799 685 3862 abjecit.
